1960 3237
539 646 871 722 Addenda
920 650 990 721 et
1038 626 1477 722 emendanda
1499 653 1548 721 ἡ

284 832 457 867 Observ.
505 832 576 866 Sub
614 831 719 867 finem
754 832 997 877 impressionis
1034 834 1141 878 hujus
1166 833 1349 870 voluminis
1375 833 1589 869 continuatio
1618 834 1762 879 »pugilli
1786 833 1883 879 plan-

193 885 309 914 tarum
344 880 513 924 imprimis
546 879 827 924 hispanicarum«
864 880 906 915 cl.
932 879 1111 926 LANGEI,
1147 881 1287 926 plantas
1320 888 1626 926 gymnospermas,
1664 880 1824 926 apetalas
1850 886 1886 916 et

192 927 431 971 gamopetalas
465 927 643 961 continens
677 927 852 972 apparuit.
901 927 1077 963 Stationes
1102 939 1211 963 novae
1235 929 1433 973 permultae
1457 928 1659 973 plantarum
1683 928 1719 962 in
1743 928 1884 963 familiis

190 974 338 1017 apetalis
376 983 397 1007 a
432 984 487 1007 me
521 973 714 1008 elaboratis
750 973 1006 1018 descriptarum
1039 980 1144 1019 atque
1170 976 1305 1020 species
1329 975 1519 1010 nonnullae
1544 985 1565 1009 a
1589 974 1630 1010 cl.
1655 974 1801 1010 LANGE
1827 975 1884 1010 de-

190 1025 305 1055 tectae
341 1024 402 1054 aut
424 1020 460 1054 in
484 1020 660 1056 herbariis
684 1021 916 1056 POURRETH
939 1026 975 1056 et
999 1021 1212 1057 AGARDHH
1235 1023 1346 1065 visae,
1380 1022 1530 1066 denique
1554 1022 1742 1058 varietates
1767 1032 1885 1056 nume-

188 1077 290 1102 rosae
325 1065 478 1101 nondum
514 1073 806 1102 commemoratae
842 1069 879 1102 in
903 1068 966 1102 illa
988 1069 1114 1113 pugilli
1150 1070 1409 1104 continuatione
1446 1074 1630 1104 contentae
1663 1074 1758 1111 sunt,
1797 1079 1884 1113 quas

191 1113 225 1147 h.
251 1113 273 1148 l.
299 1112 478 1149 addendas
502 1115 632 1149 curavi.
680 1114 865 1150 Accedunt
889 1115 1033 1160 plantae
1058 1116 1245 1151 nonnullae
1270 1127 1291 1151 a
1316 1117 1359 1152 cl.
1386 1116 1672 1151 STAUDINGERI
1695 1116 1884 1152 collectore

190 1165 295 1204 atque
312 1170 333 1194 a
351 1161 393 1195 cl.
411 1167 492 1194 DEL
510 1160 652 1196 CAMPO
671 1166 707 1197 et
723 1162 884 1197 ALIOTH
900 1164 1140 1199 recentissimo
1165 1168 1322 1209 tempore
1340 1165 1374 1198 in
1391 1163 1563 1208 Hispania
1587 1163 1735 1200 australi
1759 1163 1882 1199 lectae.

280 1264 337 1299 Ad
361 1276 394 1299 n.
419 1265 476 1300 49.
510 1267 763 1307 Equisetum
781 1268 1009 1309 'I'elmateja
1025 1267 1155 1303 EHRH.
1173 1268 1288 1313 Prope
1312 1266 1455 1313 Oviedo,
1479 1266 1705 1302 RUIZ—PONS
1722 1277 1766 1302 ex
1784 1266 1881 1310 LGE¹

216 1371 222 1377 ι
279 1323 403 1404 AdLn.
437 1325 491 1358 75.
540 1326 672 1359 Pinus
713 1327 965 1368 Halepensis
1005 1326 1121 1362 MILL.
1163 1326 1221 1361 Ad
1260 1331 1433 1372 promont.
1475 1326 1571 1361 Cabo
1610 1326 1653 1361 de
1693 1325 1785 1362 Gata
1825 1337 1882 1362 co—

188 1380 306 1415 piose,
366 1377 430 1405 GE.

281 1427 339 1463 Ad
364 1439 397 1463 n.
423 1429 478 1462 76.
527 1430 659 1464 Pinus
684 1431 884 1465 Pinaster
908 1430 994 1466 AI‘r.
1022 1431 1073 1476 (P.
1099 1432 1274 1466 maritima
1299 1431 1337 1474 β.
1362 1432 1475 1466 minor
1498 1430 1687 1472 DUHAM.).
1721 1429 1762 1464 In
1785 1440 1881 1466 mon-

188 1475 281 1511 tibus
306 1475 512 1521 Carpetanis
537 1487 645 1520 supra
668 1488 748 1521 pag.
775 1477 1037 1521 Guadarrama,
1063 1477 1160 1513 LGE.

325 1526 363 1566 β.
396 1522 731 1567 obtusisquama
765 1524 850 1559 Bss.
877 1525 929 1564 (P.
956 1526 1132 1560 maritima
1157 1538 1191 1560 a.
1217 1525 1332 1569 major
1355 1524 1544 1570 DUHAM.).
1592 1524 1635 1558 In
1658 1524 1802 1568 regione
1826 1523 1880 1560 lita

391 1569 496 1604 torali
520 1569 733 1606 Cantabriae
759 1572 824 1616 (pr.
850 1571 986 1617 Bilbao)
1013 1577 1048 1607 et
1073 1571 1252 1607 Galleciae
1277 1572 1456 1619 frequens,
1482 1571 1579 1606 LGE.

278 1626 335 1661 Ad
359 1638 391 1662 n.
419 1629 473 1663 77.
521 1630 654 1663 Pinus
679 1631 812 1664 Pinea
835 1629 876 1664 L.
901 1630 1020 1675 Prope
1044 1630 1253 1676 Santander,
1276 1631 1312 1665 in
1336 1629 1494 1665 Gallecia
1518 1630 1600 1665 hinc
1622 1628 1712 1677 inde,
1738 1629 1858 1671 ΕΘΗ,

279 1684 336 1719 Ad
361 1696 393 1720 n.
418 1688 474 1720 83.
522 1688 753 1729 Juniperus
778 1690 1009 1730 phoenicea
1026 1687 1066 1723 L.
1085 1689 1200 1734 Prope
1214 1688 1407 1724 Encinillas
1432 1689 1466 1723 in
1490 1699 1587 1734 prov.
1610 1688 1756 1735 Burgos,
1780 1687 1878 1724 LGE.

276 1743 333 1778 Ad
356 1755 390 1778 n.
414 1745 470 1778 89.
518 1746 750 1787 Juniperus
778 1748 1024 1788 Oxycedrus
1049 1746 1090 1782 L.
1141 1747 1183 1782 In
1208 1746 1296 1783 colle
1322 1748 1356 1783 S.
1381 1747 1501 1782 Anton
1524 1758 1578 1792 pr.
1604 1747 1759 1792 Malaga,
1782 1746 1881 1782 LGE.

189 1789 325 1825 »Cada«
353 1791 501 1836 Hispan.
527 1802 571 1826 ex
594 1791 692 1827 LGE.
716 1793 803 1837 Pug.
830 1794 877 1837 II.
903 1795 976 1830 841.

279 1848 335 1883 Ad
359 1860 391 1884 n.
418 1851 473 1883 91.
521 1852 753 1892 Juniperus
778 1862 890 1886 nana
912 1851 970 1886 W.
1003 1851 1045 1886 In
1070 1852 1212 1896 regione
1239 1851 1374 1897 subalp.
1400 1851 1569 1888 montium
1594 1852 1734 1897 Carpet.
1763 1852 1884 1894 (Pinar

185 1895 227 1930 de
253 1894 514 1942 Guadarrama,
541 1896 647 1932 Cerro
673 1898 716 1932 de
741 1898 793 1933 las
819 1899 989 1944 Aguilas,
1015 1898 1140 1944 LGE.).

275 1954 332 1990 Ad
355 1966 389 1990 n.
407 1956 463 1989 92.
497 1957 637 1990 Taxus
654 1957 828 1991 baccata
845 1956 885 1991 L.
918 1956 1036 2002 Prope
1056 1956 1203 2002 Oviedo,
1221 1956 1446 1992 RUlz-PONS
1463 1965 1507 1990 ex
1523 1954 1621 1991 LGE.
1638 1956 1725 2001 Pug.
1743 1956 1789 2003 ΙΙ,
1808 1958 1881 1992 841,

278 2012 336 2047 Ad
358 2024 392 2047 n.
419 2014 474 2048 95.
521 2016 722 2055 Ephedra
759 2018 949 2057 scoparia
974 2015 1073 2050 LGE.
1121 2015 1406 2060 Descriptionem
1441 2014 1547 2059 hujus
1583 2016 1711 2060 speciei
1735 2015 1882 2050 eximiae

184 2058 260 2093 vide
284 2071 340 2105 ap.
365 2059 464 2095 LGE.
488 2060 615 2104 Pugill.
643 2061 689 2105 II,
715 2073 748 2106 p.
773 2064 830 2098 83.
879 2063 933 2097 De
970 2062 1177 2098 differentiis
1211 2062 1383 2108 specificis
1419 2061 1523 2096 affert
1547 2062 1587 2097 cl.
1614 2062 1760 2098 LANGE
1783 2063 1806 2098 1.
1832 2074 1879 2098 c.:

190 2107 255 2140 »E
281 2109 444 2148 fragilis
469 2107 589 2142 DESF.
627 2107 744 2144 differt
780 2120 802 2144 a
837 2115 958 2145 nostra
993 2111 1108 2155 specie
1132 2111 1239 2145 ramis
1265 2109 1515 2155 crassioribus,
1551 2110 1664 2153 magis
1688 2110 1880 2155 fragilibus,

186 2155 333 2189 amentis
367 2153 473 2199 duplo
509 2155 718 2201 majoribus,
755 2155 957 2192 brevissime
987 2156 1234 2201 pedunculatis
1269 2162 1305 2192 et
1340 2158 1528 2202 praecipue
1560 2157 1727 2191 involucri
1748 2157 1882 2200 vaginis

186 2199 306 2234 leviter
342 2204 419 2241 (nec
457 2200 502 2235 ad
536 2202 714 2237 dimidiam
744 2208 895 2247 partem)
926 2203 1070 2248 bilobis,
1106 2204 1191 2239 tubo
1218 2204 1408 2248 superioris
1433 2203 1535 2247 longe
1560 2209 1712 2239 exserto.
1760 2204 1877 2248 Magis

186 2247 322 2281 accedit
345 2254 467 2283 nostra
493 2248 537 2283 ad
562 2248 605 2283 E.
632 2260 838 2293 graecam
864 2250 900 2284 C.
915 2250 958 2284 A.
979 2251 1096 2295 MEY.,
1123 2250 1184 2286 sed
1209 2251 1298 2285 haec
1323 2250 1440 2285 differt
1468 2250 1574 2285 ramis
1598 2262 1668 2285 non
1684 2251 1879 2295 fragilibus,

185 2292 550 2339 impresso-punctatis
576 2297 653 2340 (nec
678 2297 1106 2343 elevato-scabriusculis),
1132 2298 1282 2332 amentis
1306 2296 1421 2332 femin.
1449 2298 1587 2332 cernuis
1612 2300 1688 2338 (nec
1707 2298 1878 2343 errectis),

185 2339 268 2374 tubo
280 2343 425 2384 vaginae
441 2343 630 2386 superioris
644 2345 737 2378 inter
749 2345 910 2387 vaginam
927 2350 1130 2388 sequentem
1149 2345 1339 2380 recondito.
1372 2344 1429 2378 An
1453 2343 1497 2378 E.
1522 2344 1732 2379 Villarsii
1749 2344 1877 2380 GODR.

184 2384 311 2421 GREN.
329 2388 383 2423 Fl.
402 2389 460 2423 Fr.
480 2389 546 2433 III,
566 2391 630 2423 161
650 2390 719 2425 huc
737 2391 933 2435 pertineat,
952 2391 1146 2435 dijudicare
1164 2402 1316 2437 nequeo,
1335 2402 1413 2426 cuni
1430 2390 1569 2425 nonnisi
1584 2391 1707 2435 planta
1719 2392 1875 2427 mascula

191 2432 367 2478 descripta
402 2436 464 2481 sit,
501 2446 590 2480 quae
627 2438 661 2471 in
696 2443 820 2472 nostra
855 2439 971 2483 specie
1007 2437 1245 2484 desideratur,
1285 2437 1346 2473 sed
1371 2437 1414 2472 E.
1440 2437 1744 2474 Nebrodensis
1779 2439 1878 2484 Tm„

185 2481 239 2514 cui
263 2480 305 2514 E.
330 2481 487 2517 Villarsii
511 2482 681 2518 accedere
700 2483 838 2530 dicitur,
865 2485 994 2530 optime
1013 2484 1128 2520 differt
1144 2496 1166 2519 a
1183 2490 1305 2521 nostra
1321 2484 1469 2520 amentis
1484 2485 1644 2520 omnibus
1661 2486 1873 2522 sessilibus.<‹

276 2537 333 2572 Ad
358 2549 391 2573 n.
418 2541 495 2574 196.
543 2543 745 2576 Eleusine
771 2544 1097 2577 Barcinonensis
1125 2543 1241 2577 CSTA.
1291 2542 1397 2577 Teste
1422 2543 1463 2577 cl.
1490 2542 1653 2583 LANGE,
1680 2543 1740 2586 qui
1765 2544 1876 2588 speci-

184 2585 276 2619 mina
301 2585 463 2620 Tritici
494 2588 701 2630 geminati
736 2589 825 2623 SPR.
853 2590 917 2634 (z
941 2589 1130 2625 Eleusines
1158 2590 1294 2624 indicae
1332 2600 1403 2624 var.
1429 2589 1734 2636 brachystachyae
1761 2591 1875 2626 TRIN.

184 2630 231 2665 Ic.
256 2631 284 2677 I,
310 2632 368 2673 72)
402 2632 436 2666 in
471 2633 636 2670 herbario
660 2635 904 2671 Hornemanni
936 2647 1144 2682 comparare
1179 2637 1312 2682 potuit,
1349 2636 1470 2681 planta
1494 2637 1761 2672 Barcinonensis
1797 2649 1875 2672 cum

185 2677 253 2712 hac
290 2679 404 2723 specie
435 2681 572 2715 omnino
596 2683 766 2726 congruit.
816 2682 929 2725 Quam
967 2683 1010 2718 ob
1035 2694 1109 2718 rem
1133 2683 1175 2719 cl.
1200 2683 1348 2718 LANGE
1372 2693 1450 2718 eam
1474 2683 1714 2720 Eleusines
1738 2686 1874 2728 gemi-

184 2729 320 2759 natae
344 2726 481 2760 nomine
505 2726 754 2771 designandam
779 2740 857 2766 esse
883 2730 1058 2775 proponit.

276 2782 333 2818 Ad
356 2795 388 2818 n.
416 2785 494 2818 257.
545 2787 664 2828 Stipa
687 2789 902 2830 Lagaseae
927 2788 969 2823 R.
995 2788 1083 2823 Son.

327 2831 366 2872 β.
391 2831 650 2913 ετίορὴγὲὶει
674 2834 762 2915 IWXK
788 2835 892 2870 Folia
917 2836 1094 2871 crassiora
1117 2834 1290 2881 firmiora,
1328 2835 1472 2882 teretia,
1504 2840 1605 2872 extus
1630 2834 1736 2873 dense
1759 2833 1871 2873 molli-

275 2921 317 2956 In
340 2882 692 2961 valtssrqflffvipuDgfflo
712 2909 769 2972 pr.
795 2927 962 2964 Granada
985 2929 1023 2964 in
1045 2927 1253 2974 nemorosis,
1278 2927 1452 2965 STAUD.!.

200 2980 251 2987 .-0

288 3015 303 3032 *
340 3017 467 3043 Auctore
485 3019 678 3045 WILLKOMM.
