1960 3237
979 95 1069 140 106

191 217 331 264 spiculis
355 216 390 250 in
414 215 582 251 lateribus
607 215 786 250 latioribus
804 213 928 258 (dorso)
945 213 1148 257 imbricatis,
1174 212 1209 247 in
1228 212 1396 247 lateribus
1415 211 1677 256 angustioribus
1694 213 1867 249 distichis.

190 266 335 300 Glumae
360 263 498 306 oblique
521 261 931 303 truncato-emarginatae
963 260 1097 303 apicem
1129 270 1249 295 versus
1282 259 1470 294 carinatae.
1497 278 1542 283 --
1566 259 1693 295 Variat
1723 260 1867 305 spiculis

189 310 318 356 glabris
352 315 386 344 et
420 309 594 353 velutinis,
628 307 874 351 albicantibus,
906 305 1188 352 flavescentibus,
1235 305 1493 341 rufescentibus
1527 309 1562 340 et
1601 305 1867 354 nigricantibus,

189 357 302 405 paleis
326 356 547 390 inferioribus
570 355 723 389 aristatis
747 366 775 388 v.
800 352 949 387 muticis.

280 401 427 437 Abunde
444 402 568 436 colitur
584 401 619 435 in
635 401 725 435 omni
742 399 923 444 Hispania,
940 398 1128 443 praecipue
1144 398 1180 433 in
1196 403 1343 443 utraque
1362 397 1527 433 Castella.
1546 417 1591 424 —-
1609 403 1658 441 Θ.
1676 401 1716 440 ό.
1737 399 1867 444 »Trigo

233 449 399 485 candeal«
428 448 566 483 Castell.
595 447 719 489 »Trigo
744 446 947 480 chamorro«
976 444 1118 480 Castell.
1144 445 1186 490 (v.
1212 446 1267 489 v.).

290 495 423 530 Colitur
445 495 532 528 haec
556 493 689 538 species
714 502 776 536 per
800 502 935 527 omnem
968 491 1148 536 Europam
1178 491 1268 526 med.
1301 496 1336 527 et
1367 491 1574 538 australem,
1607 504 1730 528 zonam
1760 494 1868 529 medi-

239 549 444 585 terraneam,
470 541 505 574 in
528 540 623 583 Asia,
648 539 812 574 America
836 544 871 574 et
893 539 936 573 N.
962 538 1161 572 Hollandia.

287 588 457 623 Observ.
496 585 691 620 Pei-multae
716 586 821 630 hujus
846 584 976 630 speciei
1000 585 1265 629 specierumque
1289 584 1509 629 sequentium
1532 586 1745 622 variationes
1767 587 1867 623 varia

233 636 362 669 habent
384 631 696 711 nominaIvulgaria
725 632 762 666 in
785 633 891 668 variis
915 631 1110 676 Hispaniae
1134 631 1339 677 provinciis,
1365 631 1407 666 de
1432 632 1559 675 quibus
1584 633 1628 667 cf.
1653 633 1865 670 COLMEIRO

235 682 341 716 Curso
366 680 407 715 de
431 680 498 714 bot.
542 678 569 712 I.
594 690 627 722 p.
654 679 732 713 771.

281 738 375 771 *462
409 739 450 771 ¹1¹.
474 737 761 770 Linnaeanum
800 735 900 770 LAG.
943 747 1017 770 nov.
1058 745 1134 778 gen.
1175 746 1228 779 sp.
1267 746 1299 770 n.
1330 737 1402 771 88!.
1450 735 1578 770 Differt
1615 736 1647 776 (e
1679 736 1808 782 diagn.)
1845 749 1867 773 a

187 783 344 830 praeced.
369 782 492 825 glumis
517 781 741 817 acutiusculis
764 782 916 817 breviter
939 782 1152 818 mucronatis
1176 792 1198 816 a
1221 782 1299 817 basi
1321 782 1366 817 ad
1383 783 1519 828 apicem
1536 783 1713 819 carinatis.
1739 783 1867 821 Variat

186 831 282 877 spica
304 828 451 873 simplici
475 833 509 862 et
531 838 670 864 ramosa
694 829 749 873 (T.
774 829 999 874 compositum
1025 828 1065 863 L.
1091 839 1135 863 ex
1158 827 1284 873 LAG.).

277 876 408 910 Colitur
430 874 466 908 in
491 874 612 919 Catal.,
638 875 788 919 Valent,
813 876 977 921 Aragon.,
1003 875 1144 911 Castell.
1169 880 1235 910 vet.
1262 880 1297 910 et
1321 875 1416 910 alibi.
1443 896 1487 900 —
1512 879 1562 917 Θ.
1591 876 1720 921 »Trige
1737 877 1862 912 redon-

229 922 321 967 dillo,
345 921 523 966 Campifio,
546 920 629 965 Jeja
652 922 796 956 blanca«
823 926 888 957 etc.
915 922 960 966 (n.
985 922 1041 966 v.).
1088 952 1094 957 .
1307 936 1314 943 ⁸

278 969 375 1002 *463
409 970 452 1002 ¹1¹.
477 969 690 1009 turgidum
714 968 754 1003 L.
780 968 862 1003 Cod.
889 971 953 1002 721
968 971 987 1013 !,
1013 969 1170 1002 METZG.
1196 967 1218 1002 1.
1244 979 1272 1003 c.
1298 972 1321 1002 t.
1348 970 1422 1004 231.
1472 969 1578 1014 Spica
1610 969 1864 1014 subtetragona

183 1026 204 1050 a
227 1015 336 1050 latere
360 1024 570 1059 compressa,
596 1015 739 1059 spiculis
762 1015 799 1049 111
823 1015 992 1050 lateribus
1015 1015 1199 1050 latioribus
1222 1014 1395 1051 distichis.
1437 1015 1585 1051 Glumae
1609 1016 1710 1051 valde
1734 1018 1861 1053 ventri-

184 1071 284 1097 cosae
308 1062 536 1105 pubescentes
562 1061 661 1105 apice
684 1066 865 1097 truncatae
897 1062 1051 1096 breviter
1082 1066 1324 1107 mucronatae,
1361 1073 1382 1097 a
1405 1063 1484 1098 basi
1516 1063 1561 1098 ad.
1592 1063 1730 1109 apicem
1761 1069 1863 1100 acute

183 1108 371 1143 carinatae.
418 1107 527 1142 Palea
550 1107 693 1142 inferior
716 1119 852 1153 semper
875 1109 1033 1153 aristata,
1059 1109 1180 1144 aristis
1204 1109 1347 1153 patulis.

275 1154 406 1189 Colitur
440 1165 517 1189 cum
552 1155 793 1198 praecedente.
829 1175 872 1180 —
908 1160 956 1197 Θ.
997 1156 1126 1199 »Trigo
1157 1155 1352 1191 redondillo
1384 1156 1533 1202 velloso,
1561 1156 1670 1201 Trigo
1707 1169 1864 1204 moruno,

227 1201 371 1236 macho«
399 1206 463 1235 etc.
503 1212 531 1234 v.
557 1213 586 1235 v.
607 1229 613 1235 .

274 1247 406 1282 Colitur
430 1201 536 1282 etiaim
558 1200 601 1281 in)
618 1246 721 1292 Gall.,
746 1247 914 1293 Britann.,
938 1247 1116 1287 German..
1141 1247 1232 1294 Ital.,
1256 1248 1434 1294 Aegypto.

271 1305 368 1339 *464
403 1307 445 1339 ¹1¹.
471 1307 622 1340 durum
647 1305 764 1340 DESF.
789 1306 943 1340 METZG.
970 1311 994 1340 t.
1019 1308 1069 1341 4!.
1118 1306 1222 1351 Spica
1246 1306 1521 1351 subcylindrica,
1561 1317 1697 1352 crassa,
1737 1308 1864 1352 glumis

180 1352 390 1387 mucronatis
415 1357 517 1387 acute
542 1352 717 1397 carinatis,
742 1353 859 1388 aristis
882 1353 1083 1397 praelongis
1106 1352 1232 1388 validis
1256 1353 1293 1388 in
1317 1358 1414 1389 statu
1436 1359 1575 1389 maturo
1598 1355 1865 1401 patentissimis,

180 1398 384 1444 caryopside
408 1398 542 1433 tumida
565 1398 685 1434 vitrea.

271 1445 402 1480 Colitur
435 1445 622 1490 praecipue
646 1446 682 1480 in
705 1456 811 1490 reguo
842 1444 1072 1491 Granatensi,
1105 1445 1289 1482 ζ110111101ιεὶ
1323 1451 1358 1482 et
1382 1446 1549 1482 Murcico.
1582 1467 1626 1472 —
1658 1450 1707 1490 Θ.
1737 1447 1865 1492 »Trigo

225 1503 387 1527 moruno«
419 1497 485 1527 etc.
513 1491 558 1536 (n.
582 1491 637 1536 v.).

270 1538 403 1574 Colitur
425 1549 488 1583 per
512 1548 647 1572 omnem
669 1549 791 1573 zonam
816 1538 1117 1574 mediterraneam.

271 1596 367 1630 *465
402 1597 443 1630 ¹1¹.
472 1598 709 1631 fastuosum
733 1596 832 1631 LAG.
858 1597 881 1632 l.
907 1608 934 1631 c.
959 1608 991 1631 n.
1018 1598 1091 1632 901.
1129 1597 1215 1632 Non'
1240 1597 1359 1633 differt
1390 1608 1411 1632 a
1441 1597 1604 1643 praeced.
1637 1596 1706 1632 nisi
1737 1597 1865 1641 glumis

175 1642 289 1686 magis
328 1642 534 1688 compressis
569 1643 640 1677 late
677 1643 880 1688 (subulam-y
919 1644 1087 1679 carinatis
1128 1645 1552 1691 truncato-mucronatis,
1594 1643 1714 1679 aristis
1751 1643 1865 1679 adhuc

174 1689 412 1724 validioribus.
461 1689 585 1724 Variat
607 1689 724 1725 aristis
750 1690 1013 1737 nigricantibus,
1037 1691 1306 1738 rufescentibus,
1332 1691 1580 1738 albicantibus,
1607 1690 1753 1737 spiculis
1777 1691 1865 1727 albi-

174 1736 342 1771 cantibus
367 1741 401 1770 et
425 1734 675 1771 flavicantibus.

268 1783 400 1817 Colitur
423 1782 460 1816 in
483 1782 628 1827 Hispan.
653 1782 871 1829 meridionali
896 1784 1005 1829 omni,
1029 1784 1067 1819 in
1090 1796 1198 1829 regno
1222 1785 1370 1821 Granat.
1396 1785 1442 1820 ad
1467 1785 1571 1819 5000‘
1596 1795 1717 1829 usque.
1742 1804 1788 1810 —
1812 1787 1861 1826 Θ.

225 1828 350 1872 »Trigo
375 1828 553 1863 fanfarron
575 1829 726 1864 velloso«
755 1834 820 1864 etc.
847 1830 889 1875 (v.
915 1830 970 1875 v.).
1395 1833 1410 1849 ⁶

268 1874 443 1909 Observ.
490 1874 546 1908 Ad
569 1876 659 1910 hanc
684 1876 835 1920 speciem
858 1877 912 1911 vel
936 1877 1206 1921 praecedentem
1231 1878 1411 1924 pertinere
1435 1878 1615 1913 videntur:

272 1924 302 1957 1.
335 1921 375 1955 T.
400 1921 765 1956 Gaertnerianum
800 1922 899 1958 LAG.
933 1924 954 1959 l.
989 1935 1017 1959 c.
1042 1926 1102 1961 91!
1136 1936 1154 1960 e
1186 1925 1346 1970 diagnosi
1377 1936 1398 1961 a
1433 1925 1473 1960 T.
1499 1924 1657 1960 fastuoso
1688 1935 1757 1959 non
1793 1923 1862 1959 nisi

223 1967 347 2013 glumis
372 1967 592 2011 glaberrimis
616 1968 798 2013 distincta;

270 2016 301 2049 2.
336 2014 375 2048 T.
401 2014 741 2060 polystachyum
772 2015 870 2051 LAG.
904 2016 925 2051 1.
958 2029 985 2052 c.
1017 2019 1078 2053 92!
1113 2019 1211 2063 spica
1240 2017 1499 2055 confertissima
1530 2028 1734 2063 compressa
1764 2027 1787 2052 a
1820 2016 1861 2051 T.

221 2061 375 2096 fastuoso
400 2061 613 2107 discrepans,
637 2066 673 2096 et

268 2110 298 2142 3.
332 2107 372 2142 T.
397 2107 630 2142 cochleare
655 2108 754 2142 LAG.
784 2107 807 2142 l.
832 2120 860 2143 c.
886 2110 944 2144 93!
979 2120 1000 2144 a
1024 2110 1064 2145 T.
1097 2111 1329 2157 polystachyo
1359 2123 1429 2147 non
1462 2111 1531 2147 nisi
1567 2110 1713 2156 spiculis
1753 2110 1860 2156 pube-

221 2154 397 2189 scentibus
423 2154 469 2198 (in
494 2154 558 2188 illa
580 2154 723 2198 glabris)
749 2154 1003 2199 distinguenda.
1654 2179 1663 2186 -

223 2200 263 2236 T.
295 2200 585 2235 Gaertnerianum
624 2201 749 2236 colitur
786 2203 938 2247 praecip.
971 2203 1006 2238 in
1040 2203 1313 2250 Extremadura,
1351 2204 1516 2249 Baetica,
1554 2214 1661 2248 regno
1702 2203 1860 2238 Murcico

268 2247 406 2282 Valent.
444 2247 588 2292 (›>Trigo
611 2248 788 2283 fansarron
812 2249 988 2293 lampifio«
1015 2251 1105 2296 etc),
1140 2251 1180 2286 T.
1207 2252 1477 2297 polystachyum
1504 2251 1648 2296 (»Trigo
1673 2250 1855 2295 chapado«

221 2294 301 2337 etc.)
328 2299 361 2329 et
386 2293 425 2328 T.
443 2294 626 2329 cochleare
652 2294 794 2339 (»Trigo
812 2296 1019 2332 cuchareta«
1040 2298 1131 2343 etc),
1156 2298 1192 2332 in
1215 2309 1322 2342 regno
1347 2298 1571 2334 Granatensi.
1597 2318 1642 2323 --
1665 2301 1715 2338 Θ.
1742 2297 1857 2342 (n.v.).

268 2350 365 2384 *466
399 2353 441 2386 Τ.
468 2352 658 2387 Cevallos
682 2352 781 2387 LAG.
806 2353 828 2387 l.
854 2365 881 2388 c.
907 2355 980 2388 943.
1028 2355 1133 2400 Spica
1155 2355 1591 2402 pyramidato-cylindrica
1615 2354 1856 2402 5—7-p011ic.,

177 2395 396 2438 glaberrima‚
419 2397 623 2444 laxiuscula,
647 2409 751 2446 saepe
769 2400 990 2446 subarcuata,
1007 2402 1132 2445 glumis
1149 2403 1221 2439 late
1238 2404 1404 2439 carinatis
1421 2402 1625 2444 bidentatis,
1647 2402 1855 2448 caryopside

175 2442 323 2486 oblonga
347 2445 401 2477 6¹‘¹
426 2444 447 2478 1.
473 2444 575 2490 1¹s¹2“‘
596 2446 679 2480 lata.
728 2446 917 2482 Rhacheos
941 2447 1060 2484 dentes
1083 2449 1185 2494 longe
1208 2450 1359 2485 barbati.
1408 2449 1466 2484 An
1489 2460 1560 2484 var.
1586 2449 1792 2493 sequentis?

268 2489 400 2524 Colitur
423 2490 459 2524 in
482 2502 586 2536 regno
611 2491 755 2528 Granat.
780 2498 815 2528 et
838 2494 993 2543 Baetica.
1019 2516 1061 2520 -—
1087 2501 1135 2539 (ᾖ,
1165 2497 1295 2541 »Trigo
1319 2507 1438 2532 moro«
1465 2501 1531 2532 etc.
1557 2496 1602 2540 (n.
1629 2496 1685 2541 v.).

221 2592 228 2598 .
268 2546 364 2580 *467.
400 2549 442 2582 Τ.
469 2551 705 2589 polonicum
728 2551 768 2586 L.
795 2551 876 2586 Cod.
904 2553 996 2595 722!‚
1027 2554 1183 2590 METZG.
1217 2560 1242 2591 t.
1270 2557 1301 2601 5,
1328 2557 1377 2590 62.
1426 2555 1531 2600 Spica
1553 2555 1670 2589 4—5“
1694 2554 1716 2588 l.
1743 2553 1854 2599 cylin-

177 2593 275 2627 drica
313 2593 521 2639 pubescens,
561 2597 685 2640 glumis
723 2598 936 2641 longissimis
970 2599 1056 2643 (¹s2¹‘
1079 2601 1116 2646 l.)
1147 2601 1424 2638 membranaceis
1464 2601 1857 2645 oblongo-lanceolatis

175 2639 378 2692 brevissime
415 2644 625 2678 mucronatis
665 2650 811 2688 anguste
851 2645 1018 2684 carinatis
1056 2649 1247 2695 5-striatis,
1286 2649 1461 2684 rhacheos
1497 2649 1660 2684 dentibus
1702 2648 1857 2684 breviter

175 2686 343 2730 barbat1s‚
368 2688 571 2739 caryopside
595 2690 706 2733 longa.

269 2732 398 2785 Colitur
421 2744 466 2786 111,
480 2745 584 2778 regno
608 2735 826 2783 Legionensi,
851 2737 950 2773 LAG.
976 2759 1019 2763 —
1045 2743 1093 2781 Θ.
1122 2741 1248 2785 »Trigo
1273 2742 1406 2788 polaco,
1431 2741 1474 2777 de
1499 2741 1666 2777 Polonia«
1720 2740 1766 2786 (n.
1798 2741 1855 2785 v.).

266 2778 399 2814 Colitur
422 2785 525 2814 etiam
549 2781 585 2815 in
607 2782 750 2818 Polonia
774 2790 809 2820 et
832 2785 917 2820 alibi
941 2785 977 2819 in
1001 2785 1147 2832 Europa
1169 2788 1294 2824 media.

223 2839 317 2870 Sect.
348 2838 394 2870 11.
419 2839 582 2880 Spelta
606 2838 692 2873 WK.
739 2841 896 2878 Rhachis
922 2843 1040 2888 spicae
1064 2849 1222 2880 maturae
1256 2846 1403 2890 fragilis.
1452 2845 1616 2892 Spiculae
1649 2845 1854 2881 fructiferae

380 2885 468 2917 1—3
494 2885 714 2930 caryopsides
739 2889 925 2925 continent.
974 2890 1205 2935 Caryopsides
1231 2893 1344 2938 paleis
1368 2898 1465 2929 arcte
1490 2893 1635 2928 cinctae.

221 2984 227 2990 ι
267 2938 364 2974 *468
398 2942 441 2975 Τ.
468 2943 608 2994 Spelta
641 2942 681 2977 L.
708 2944 787 2980 Cod.
820 2948 921 2993 7232,
947 2948 1104 2983 METZG.
1137 2954 1161 2983 t.
1188 2951 1234 2985 6!.
1283 2951 1388 2996 Spica
1421 2953 1852 2996 compresso-tetragona,

177 2985 318 3029 spiculis
341 2997 378 3022 111
401 2987 569 3024 lateribus
592 2989 773 3027 latioribus
796 2993 1001 3040 imbricatis,
1025 2995 1060 3031 in
1083 2997 1341 3041 angustioribus
1368 2998 1539 3035 distichis.
1578 2996 1727 3033 Glumae
1751 2996 1852 3032 valde
