1960 3237
651 601 1143 696 Conspectus

234 739 495 784 ordinum
534 739 588 783 et
623 738 966 783 familiarum
1003 737 1177 782 florae
1216 735 1547 790 Hispanicae
1611 733 1614 738 '

45 843 276 888 secundum
312 844 552 889 methodum
590 844 818 888 naturalem
856 845 896 887 in
931 844 1014 888 hoc
1050 854 1178 901 opere
1208 841 1431 886 adhibitam
1466 830 1743 898 dispositus&

45 1065 215 1120 Regio
250 1066 293 1110 Ι.
365 1062 832 1109 SPOROPHY'I'A
866 1067 888 1109 i.
930 1075 963 1107 e.
998 1063 1167 1120 plantae
1203 1062 1504 1120 sporophorae.

103 1153 248 1199 Divisio
290 1153 315 1195 l.
359 1152 698 1207 Sporopnyta,
748 1153 1106 1206 angiospora:
1175 1152 1324 1204 Sporae
1376 1151 1518 1191 cellula
1568 1153 1746 1189 materna

189 1213 256 1252 diu
286 1213 464 1262 cinctae,
509 1213 801 1265 germinatione
845 1212 1015 1265 plantam
1047 1210 1235 1266 genitalia
1269 1209 1524 1262 (spei-matia,
1566 1218 1746 1260 spermo-

188 1270 328 1326 gonia,
376 1269 597 1311 antheridia
629 1274 724 1320 etc.)
767 1276 808 1311 et
846 1282 987 1324 sporas
1021 1283 1054 1312 v.
1087 1269 1343 1322 sporocarpia
1376 1267 1611 1320 (sporangia
1643 1265 1666 1305 i.
1710 1277 1744 1304 e.

192 1329 376 1382 capsulas
409 1329 539 1381 sporis
572 1329 769 1382 repletas)
804 1330 1003 1370 serentem
1037 1327 1275 1381 producunt.

135 1399 286 1440 Classis
319 1397 345 1437 Ι.
388 1397 750 1439 ANGIOSPORAE
784 1395 1300 1439 FIBRO-CELLULOSAE.

254 1469 452 1503 Ordines:
476 1469 678 1509 FUNGI,
703 1468 1000 1503 LIGHENES.

134 1528 282 1569 Classis
314 1527 357 1567 ll.
401 1527 764 1569 ANGlOSPORAE
798 1522 1387 1568 PARENCHYMATOIDEAE.

258 1597 451 1631 orfflnes:
478 1596 688 1637 ALGAE,
715 1595 1069 1629 CHARACEAE.

108 1656 253 1699 Divisio
284 1656 325 1698 ll.
370 1655 660 1709 Sophoryta
690 1663 1100 1709 gymnosporae:
1136 1653 1286 1705 Sporae
1319 1649 1451 1690 nudae
1492 1649 1644 1689 liberae
1668 1648 1691 1690 i.
1715 1661 1750 1688 e.

194 1715 334 1755 cellula
380 1720 558 1755 materna
583 1724 682 1755 ‘mox
713 1715 956 1765 destitutae,
999 1710 1294 1767 germinatione
1326 1712 1556 1748 contextum
1590 1706 1752 1747 cellulo-

194 1786 281 1813 sum
314 1773 689 1825 (proembryonem‚
723 1772 992 1825 prothallium)
1036 1769 1286 1823 producunt,
1334 1779 1356 1806 e
1389 1777 1467 1818 quo
1498 1766 1630 1819 planta
1662 1776 1752 1817 per—

196 1832 298 1897 fecta
340 1831 482 1884 prodit.
546 1830 741 1872 Genitalia
784 1831 960 1871 mascula
1000 1826 1258 1877 (anthei-idia)
1306 1829 1348 1865 et
1391 1825 1560 1864 feminea
1593 1822 1753 1873 (arche-

227 1902 316 1930 onia
344 1919 352 1926 .
660 1903 661 1906 ¹

138 1902 285 1999 Clas-{sis
317 1891 376 1998 Ι)ΙΙ.
423 1956 800 1998 GYMNOSPORAE
845 1955 1197 1998 CELLULARES:
1238 1957 1369 1993 Planta
1416 1955 1581 2004 perfecta
1615 1965 1634 1990 e
1668 1965 1753 2003 pro-

255 2019 459 2067 embryone
509 2021 690 2067 prodiens
739 2030 813 2054 non
855 2020 924 2055 nisi
967 2030 986 2055 e
1031 2018 1174 2055 cellulis
1218 2015 1427 2064 composita
1475 2013 1684 2050 antheridia
1718 2015 1755 2047 et

258 2077 486 2123 archegonia
530 2077 612 2121 fert,
656 2081 772 2124 atque
816 2077 1090 2125 archegonium
1135 2074 1382 2112 fecundatum
1415 2072 1579 2108 fructum
1622 2081 1754 2118 sporas
1822 2097 1826 2100 .

254 2135 510 2172 continentem
543 2135 732 2182 producit.

261 2201 460 2236 Ordines:
485 2201 826 2242 HEPA'I'IOAE,
851 2202 1025 2236 MUSGI
1050 2199 1342 2234 FRONDOSI.

141 2261 291 2301 Classis
323 2261 383 2301 lv.
427 2259 804 2301 GYMNOSPORAE
851 2259 1216 2302 VASCULARES:
1283 2259 1531 2296 Prothallium
1577 2266 1595 2291 e
1642 2265 1752 2302 sporn

255 2323 433 2370 prodiens
476 2321 684 2358 antiieridia
728 2328 765 2357 et
809 2322 1039 2370 archegonia
1081 2327 1145 2357 aut
1188 2331 1264 2356 non
1298 2317 1369 2353 nisi
1400 2314 1628 2361 archegonia
1664 2313 1752 2354 edit,

256 2384 369 2427 atque
414 2390 456 2415 ex
498 2379 729 2428 archegonio
772 2378 978 2416 fecundato
1013 2379 1132 2425 surgit
1164 2379 1288 2426 planta
1322 2374 1512 2424 perfecta,
1557 2383 1577 2408 e
1611 2371 1755 2407 cellulis

257 2449 510 2486 vasorumque
552 2437 740 2475 fasciculis
773 2439 1005 2487 composita,
1049 2437 1194 2474 fructus
1228 2444 1359 2483 speras
1393 2432 1635 2471 continentes
1667 2439 1754 2477 pro—

256 2496 443 2584 ducensa
492 2548 794 2584 Prothallium
820 2548 1049 2593 genitalia
1072 2551 1267 2591 utraque
1292 2545 1394 2582 edit.

264 2610 374 2643 Ordo
400 2610 430 2642 Ι.
464 2610 699 2642 FILICES:
737 2607 913 2643 Genitalia
944 2618 963 2642 e
996 2606 1126 2652 pagina
1165 2603 1346 2649 prothallii
1379 2602 1546 2637 inferiore
1577 2598 1750 2645 prodeunt

392 2660 496 2698 atque
533 2664 577 2689 ex
611 2655 823 2698 archegonio
848 2653 1036 2689 fecundato
1060 2652 1172 2695 surgit
1197 2652 1319 2697 planta
1343 2650 1513 2692 foliifera,
1540 2647 1638 2692 cujus
1671 2645 1755 2680 folia

390 2700 553 2745 (frondem
578 2707 639 2736 aut
664 2702 780 2736 omnia
806 2707 866 2736 aut
890 2708 987 2736 certa
1013 2699 1203 2745 sporangia
1229 2697 1436 2744 producunt.

333 2758 432 2793 Fam.
459 2760 488 2793 1.
537 2758 876 2804 Hymenophylleae.

384 2820 397 2836 »
458 2807 488 2840 2.
536 2806 829 2852 Polypodiaceae.

133 2933 136 2937 ⁴
201 2927 289 2946 moro
323 2923 512 2946 xx'lLLimMM.
551 2922 594 2947 Cf.
614 2923 648 2947 de
670 2923 721 2946 ha(-
741 2922 876 2946 methodo
898 2921 1103 2943 XVlLle‘oMMll
1131 2919 1294 2950 compendii
1316 2917 1463 2942 botanices
1492 2914 1665 2946 (Anlvitung
1689 2919 1753 2937 zum

57 2958 162 2983 §suntin
186 2966 194 2981 ι
227 2958 276 2981 dor
305 2956 594 2981 wissonschastlichen
628 2957 765 2982 Boxanik.
804 2956 928 2980 Zweitcr
955 2954 1056 2978 Tlieil:
1089 2952 1232 2984 Specie-llo
1262 2953 1397 2977 Botanik.
1437 2951 1558 2981 Leipzig
1581 2947 1654 2980 1854)
1684 2949 1752 2973 tomi
