1960 3237
682 781 1094 837 Praefatio.

150 1059 235 1098 Jam
263 1058 385 1099 'auno
438 1055 544 1098 ’1846
588 1070 638 1097 ex
669 1057 811 1096 itinere
859 1057 993 1096 bienni
1038 1070 1110 1110 per
1159 1059 1369 1111 Hispaniae
1418 1063 1458 1098 et
1502 1058 1728 1098 Lusitaniae

38 1135 260 1188 provincias
303 1133 586 1174 meridionales
633 1133 736 1173 facto
767 1132 897 1172 redux
933 1132 1106 1174 indicem
1139 1134 1225 1173 sive
1257 1134 1478 1187 catalogum
1511 1133 1728 1185 plantarum

38 1210 74 1249 in
126 1209 311 1263 Hispania
361 1214 503 1262 sponte
555 1209 803 1249 nascentium
855 1208 903 1248 ad
955 1209 1049 1249 illud
1103 1222 1230 1263 usque
1274 1215 1431 1263 tempus
1478 1210 1727 1263 cognitarum

38 1285 182 1329 edendi
224 1285 309 1338 cepi
349 1285 571 1326 consilium.
633 1284 729 1331 Quis
772 1285 878 1324 enim
922 1289 1007 1336 est,
1055 1286 1121 1338 qui
1165 1287 1205 1325 in
1238 1285 1381 1338 plantis
1414 1285 1728 1326 determinandis

37 1361 247 1414 hispanicis
295 1366 360 1401 aut
402 1361 441 1400 in
484 1360 694 1400 itineribus
738 1371 810 1412 per
841 1360 1066 1413 Hispaniam
1110 1360 1224 1401 factis
1257 1362 1452 1401 bot-anicis
1486 1361 1608 1401 florae
1641 1361 1728 1400 His-

38 1436 176 1490 paniae
209 1436 406 1476 defectum
438 1448 517 1477 non
551 1435 844 1476 desideraverit
874 1449 918 1476 ac
951 1434 1244 1488 deploraverit?
1286 1436 1550 1484 Quamobrem
1582 1436 1648 1476 illo
1681 1448 1731 1475 ex

38 1518 216 1565 tempore
260 1512 441 1552 omnibus
481 1512 630 1551 viribus
663 1512 701 1550 in
734 1511 981 1551 litteraturae
1013 1512 1137 1552 florae
1170 1511 1396 1564 hispanicae
1430 1513 1729 1565 plantarumque

37 1588 330 1641 hispanicarum
362 1587 543 1649 studium·
567 1586 874 1640 diligentissime
905 1586 1088 1637 incubui,
1122 1588 1200 1627 imo
1233 1599 1338 1628 anno
1365 1586 1474 1628 1850
1505 1588 1725 1628 secundum

37 1663 83 1705 ad
110 1663 321 1717 Hispaniae
353 1663 645 1716 provinciarum
679 1661 914 1712 borealium,
949 1662 1185 1702 centraliuin
1219 1668 1258 1702 et
1291 1663 1543 1703 orientalium
1566 1669 1730 1718 vegeta-

37 1741 185 1781 tionem
233 1738 513 1792 explorandam
546 1739 623 1778 iter
655 1738 827 1790 suscepi.
890 1737 942 1777 At
975 1749 1053 1777 non
1087 1742 1174 1777 erat
1207 1739 1244 1777 in
1278 1738 1391 1789 satis,
1439 1751 1501 1778 me
1533 1739 1608 1779 hoc
1639 1741 1728 1792 iter,

38 1827 114 1869 quo
159 1814 357 1856 Galleciae
403 1814 519 1853 etiam
560 1813 756 1868 regnique
789 1813 1058 1866 Legionensis
1102 1818 1235 1853 terras
1267 1813 1410 1867 plantis
1442 1814 1659 1855 ditissimas
1693 1821 1732 1856 et

36 1890 163 1931 adhuc
204 1902 341 1944 parum
385 1890 565 1943 cognitas
605 1889 852 1942 perlustrare
883 1888 922 1927 in
954 1888 1085 1929 animo
1117 1888 1357 1940 habueram,
1403 1889 1452 1930 ad
1484 1888 1604 1930 finem
1637 1903 1726 1943 per-

36 1966 186 2006 ducere
226 1977 368 2020 posse,
413 1977 533 2019 quum
570 1966 651 2018 jam
697 1970 908 2005 auctumno
954 1965 1135 2019 ejusdem
1175 1966 1268 2006 anni
1300 1967 1340 2006 in
1372 1967 1536 2019 patriam
1569 1967 1732 2020 regredi

35 2047 196 2082 coactus
248 2054 394 2083 essem.
455 2041 580 2095 Magis
634 2041 792 2081 fortuna
851 2041 942 2081 lavit
985 2042 1071 2081 viro
1126 2042 1360 2082 doctissimo
1405 2047 1445 2082 et
1487 2042 1730 2083 amicissimo

35 2117 218 2158 Joanni
249 2117 444 2171 Lange,
486 2117 671 2158 botanico
705 2117 921 2156 Havniensi
954 2118 1223 2169 peritissimo,
1270 2118 1337 2170 qui
1368 2118 1408 2156 in
1439 2117 1582 2157 itinere
1616 2119 1731 2158 annis

40 2192 143 2234 1851
179 2199 219 2233 et
255 2191 362 2233 1852
409 2205 481 2246 per
529 2193 715 2244 Galliam,
764 2193 991 2245 Pyrenaeos
1025 2198 1064 2233 et
1096 2193 1326 2246 Hispaniam
1360 2192 1464 2233 facto
1496 2192 1580 2232 illas
1614 2194 1730 2232 etiam

37 2269 270 2322 peninsulae
311 2268 487 2308 ibericae
531 2269 754 2320 provincias
792 2268 1063 2309 occidentales
1097 2269 1321 2308 accuratius
1355 2269 1564 2321 explorare
1589 2270 1727 2321 potuit,

35 2344 102 2384 ubi
141 2345 344 2398 ingentem
384 2344 603 2396 plantarum
645 2345 797 2396 copiam
839 2345 937 2397 legit
969 2350 1009 2384 et
1040 2345 1284 2385 observavit.
1347 2345 1433 2392 Quo
1466 2357 1517 2383 ex
1549 2349 1728 2396 tempore

35 2419 82 2459 ad
126 2431 269 2459 annum
308 2416 414 2459 1859
458 2431 586 2472 usque
632 2420 899 2473 vegetationis
946 2420 1174 2473 hispanicae
1209 2420 1383 2473 cognitio
1415 2425 1494 2460 tum
1528 2420 1729 2460 botanico-

34 2507 120 2535 rum
164 2494 442 2548 indigenorum
476 2495 809 2547 peritissimorum
843 2496 984 2535 studiis
1018 2501 1057 2535 et
1088 2496 1461 2545 observationibus,
1506 2500 1588 2535 tum
1620 2495 1730 2535 bota—

37 2569 215 2609 nicorum
261 2571 565 2623 peregrinorum
623 2570 920 2611 indefessorum
971 2571 1311 2623 explorationibus
1358 2576 1566 2623 tantopere
1616 2574 1727 2609 aucta

36 2649 122 2696 est,
168 2649 211 2683 ut
247 2644 328 2697 jam
371 2657 448 2685 non
497 2645 624 2686 solum
672 2646 895 2700 catalogum
944 2647 1162 2699 plantarum
1197 2645 1409 2699 Hispaniae
1462 2645 1607 2686 edendi
1659 2644 1729 2684 sed

37 2721 164 2773 potius
196 2719 386 2772 synopsin
419 2720 540 2762 florae
572 2722 802 2775 hispanicae
838 2723 955 2762 nimis
988 2722 1053 2761 (liu
1086 2721 1270 2762 dilatatae
1303 2722 1535 2763 claborandi
1569 2720 1729 2761 venisse

7 2796 215 2838 'videatur
257 2801 427 2849 tempus.
489 2797 610 2845 Quale
657 2810 754 2852 opus
796 2800 878 2852 jam
911 2797 977 2837 diu
1011 2808 1141 2850 eoque
1174 2798 1300 2851 magis
1333 2811 1353 2838 a
1386 2797 1579 2837 botanicis
1611 2807 1727 2835 euro-

35 2872 144 2924 paeis
183 2876 409 2925 exoptatum
451 2877 533 2923 est,
580 2873 684 2926 quod
717 2873 1010 2926 descriptiones
1042 2873 1261 2925 plantarum
1293 2873 1585 2925 hispanicarum
1616 2882 1728 2923 prae·

38 2948 152 3001 cipue
192 2948 412 2989 recentiori
455 2953 634 3001 tempore
680 2948 928 2990 detectarum
974 2949 1013 2988 in
1045 2950 1234 3001 operibus
1266 2949 1490 3002 libellisque
1521 2947 1729 3001 permultis
