1960 3237
975 119 1079 154 XXII

463 238 562 272 Fam.
588 239 619 272 3.
667 235 951 271 Osmundaceae..

514 299 527 314 »
587 286 617 318 4.
666 283 941 326 Ophioglosseae

399 345 509 383 ordo
535 344 588 375 11.
622 338 1063 380 EQUISE'I'ACEAE:
1091 334 1268 369 Genitalia
1294 346 1311 369 e
1330 336 1486 377 margine
1503 333 1685 378 prothallii
1702 334 1877 378 prodeunt

519 393 622 430 atque
660 398 704 421 ex
737 384 944 426 archegonio
980 380 1166 416 fecundato
1191 382 1349 416 nascitur
1374 383 1496 426 planta
1523 381 1644 415 axibus
1679 380 1877 416 articulatis

519 432 678 478 praedita
717 431 778 466 sed
816 430 908 464 foliis
942 428 1033 462 veris
1059 438 1198 470 carens,
1239 438 1328 471 quae
1354 429 1389 462 in
1414 429 1515 473 apice
1541 427 1659 461 axium
1684 428 1875 472 sporangia

518 480 587 514 fert
611 480 646 512 in
671 479 801 522 spicam
825 488 855 509 v.
881 474 1065 510 strobilum
1092 480 1269 517 congesta.

464 539 561 572 Fam.
589 538 618 570 5.
668 535 892 579 Equiseteae.

551 596 583 629 b.
633 591 931 627 Prothallium
955 589 1228 632 archegonia
1253 590 1386 624 solum
1412 590 1514 624 edit.

400 657 510 691 Ordo
535 654 608 687 ΙΙΙ.
643 649 1091 684 RHIZOCARPEAE:
1115 646 1243 681 Planta
1266 647 1423 691 perfecta
1448 659 1465 681 e
1491 647 1683 681 rhizomate
1700 645 1755 680 vel
1778 647 1877 680 caule

524 702 665 742 repente
691 701 751 730 aut
782 700 926 730 natante
960 695 1013 732 (in
1038 693 1286 734 Salviniaceis)
1311 695 1499 738 sporangia
1524 695 1610 739 edit,
1643 703 1731 737 quae
1756 703 1878 737 sporas

524 744 673 795 majores
711 746 993 786 (macrosporas)
1029 744 1065 774 et
1100 740 1252 774 minores
1278 741 1529 785 (microsporas
1553 741 1574 774 i.
1601 751 1630 775 e.
1657 739 1878 781 antheridia)

468 793 927 871 Fagongnerfflarsffiaoeae

404 897 513 930 Ordo
539 896 612 929 IV.
644 892 1131 927 LYCOPODIACEAE:
1172 890 1299 923 Planta
1338 890 1496 934 perfecta
1535 896 1596 926 aut
1636 890 1824 936 sporangia
1861 900 1881 923 a

522 940 650 984 vagina
672 938 844 974 frondium
869 936 990 971 inflata
1015 937 1128 970 cincta
1153 942 1188 971 et
1212 936 1445 981 microsporas
1471 941 1505 971 et
1528 948 1768 982 macrosporas
1801 947 1879 971 con-

523 987 672 1021 tinentia
695 984 857 1030 producit
894 984 942 1023 (in
966 983 1145 1027 Isoeteis);
1180 988 1239 1017 aut
1278 993 1321 1016 ex
1353 983 1467 1017 axillis
1501 984 1662 1018 foliorum
1695 983 1882 1028 sporangia

525 1034 635 1068 forma
671 1032 807 1067 diversa
841 1029 930 1073 edit⁷
970 1040 1116 1073 quorum
1151 1029 1221 1063 alia
1256 1030 1506 1074 macrosporis7
1547 1031 1619 1064 alia
1658 1029 1883 1073 microsporis

524 1080 660 1124 repleta
695 1082 775 1114 sunt
808 1077 864 1121 (in
896 1075 1140 1119 Selaginella);
1177 1080 1237 1110 aut
1262 1077 1450 1120 sporangia
1483 1076 1551 1111 fert
1575 1089 1643 1111 non
1668 1077 1736 1112 nisi
1759 1077 1883 1110 micro-

526 1136 647 1171 sporas
686 1123 919 1163 includentia,
962 1122 1167 1167 saepissime
1207 1122 1243 1156 in
1284 1122 1415 1168 spicam
1454 1124 1674 1158 terminalem
1715 1128 1882 1167 congesta

528 1175 582 1213 (in
605 1169 838 1217 Lycopodio).

471 1231 568 1265 Fam.
595 1232 626 1264 7.
675 1229 845 1264 Isoeteae.

522 1293 536 1308 »
595 1278 627 1311 8.
677 1273 983 1318 Selaginellaceae.

199 1358 368 1412 Regio
405 1356 477 1400 II.
532 1348 1140 1398 SPERMA'I'OPHY'I'A
1174 1350 1197 1392 i.
1235 1362 1268 1393 e.
1309 1350 1476 1406 plantae
1513 1351 1783 1395 seminiserae.

258 1434 402 1479 Divisio
434 1433 474 1475 ll.
518 1431 974 1483 GymllssSpcl'mae:
1023 1426 1181 1466 Plantae
1223 1431 1384 1478 propter
1415 1427 1538 1465 ovarii
1570 1427 1653 1465 veri
1686 1426 1884 1467 defectum

345 1492 469 1533 ovulis
502 1490 799 1539 seminibusque
833 1486 946 1525 nudis
977 1484 1181 1536 praeditae
1213 1483 1551 1537 (spermatophyta
1584 1485 1821 1537 ovuligera).

290 1562 437 1602 Classis
470 1561 513 1600 V.
557 1554 977 1598 GYMNOSPERMAE.

473 1627 571 1661 Fam.
621 1626 651 1658 9.
702 1622 894 1657 Coniferae.

524 1687 538 1703 ι
599 1673 651 1704 10.
700 1670 889 1703 Taxineae.

524 1733 538 1749 »
600 1720 653 1751 11.
703 1716 915 1750 Gnetaceae.

526 1779 540 1796 »
602 1767 617 1797 1
624 1766 654 1798 2.
704 1763 982 1798 Loranthaceae.

259 1830 402 1874 Divisio
432 1829 473 1870 ll.
516 1825 954 1877 Angiospel'mae:
1002 1820 1159 1859 Plantae
1206 1819 1340 1859 ovario
1387 1831 1484 1858 vero
1526 1819 1663 1869 ovula,
1717 1818 1890 1870 ideoque

345 1887 566 1941 pericarpio
600 1883 752 1924 semina
774 1880 1003 1920 includente
1034 1875 1238 1930 praeditae
1262 1875 1598 1929 (spermatophyta
1621 1877 1890 1929 pistilligera).

293 1957 440 1998 Classis
472 1956 519 1996 IV
553 1954 581 2004 (Ι
602 1954 641 1993 in
665 1951 912 2006 prodromo).
956 1945 1532 1987 MONOCOTYLEDONEAE:
1566 1949 1728 1996 Embryo
1753 1949 1894 1996 cotyle-

405 2020 501 2053 done
526 2017 649 2056 unico,
675 2010 960 2061 germinationis
983 2013 1154 2054 tempore
1177 2008 1213 2042 in
1237 2006 1449 2054 pericarpio
1474 2010 1692 2042 remanente
1714 2007 1892 2042 munitus.

414 2082 525 2117 ordo
549 2082 581 2115 Ι.
615 2076 948 2113 FLUVIALES:
989 2072 1115 2108 Flores
1153 2070 1300 2107 diclines
1337 2071 1381 2106 ad
1407 2071 1574 2116 genitalia
1606 2070 1760 2116 reducti,
1801 2068 1895 2115 nudi⁷

535 2125 695 2162 solitarii.
728 2125 880 2158 Fructus
900 2124 1190 2156 nucamentaceus
1203 2129 1477 2164 monospermus.
1497 2120 1551 2154 vel
1569 2118 1770 2154 utricularis
1783 2122 1896 2152 trans-

533 2183 632 2209 verse
644 2172 864 2215 disrumpens
875 2169 1189 2213 oligospermus.-—
1198 2166 1346 2202 Plantae
1356 2167 1540 2211 aquaticae
1549 2165 1649 2201 valde
1657 2164 1894 2210 imperfectae.

480 2232 579 2267 Fam.
607 2232 662 2265 13.
710 2229 939 2263 Lemnaceae.

532 2293 546 2308 »
607 2279 660 2312 14.
709 2274 902 2319 Najadeae.

418 2338 529 2371 Ordo
553 2338 606 2369 11.
643 2331 1107 2369 SPADICIFLORAE:
1144 2327 1269 2364 Flores
1307 2328 1511 2373 saepissime
1546 2326 1744 2372 imperfecti
1780 2331 1814 2360 et
1848 2325 1898 2358 in-

545 2381 719 2426 completi,
760 2380 818 2414 axi
854 2389 999 2413 carnoso
1023 2376 1163 2419 inserti,
1204 2374 1383 2420 spadicem
1418 2375 1620 2410 formantes.
1667 2373 1818 2408 Fructus
1849 2372 1899 2406 in-

540 2428 723 2464 dehiscens
751 2427 808 2471 (in
831 2425 980 2460 Zostera
1004 2423 1116 2458 solum
1140 2422 1384 2465 irregulariter
1408 2421 1649 2466 disrumpens)
1675 2424 1900 2454 nucamenta-

541 2486 639 2520 ceus.
666 2472 861 2519 capsularis
886 2483 914 2506 v.
940 2471 1126 2515 baccatus,
1151 2469 1532 2513 mono-oligospermus.
1558 2488 1603 2493 ——-
1627 2467 1769 2501 Herbae
1794 2475 1900 2509 aqua—

542 2522 631 2556 ticae
654 2534 684 2555 v.
709 2519 914 2565 paludosae.

490 2578 586 2613 Fam.
615 2581 667 2612 15.
716 2577 957 2612 Zosteraceae.

538 2639 552 2655 2>
613 2626 665 2658 16.
712 2625 1039 2665 Potamogetoneae.

543 2685 556 2701 »
618 2673 672 2705 17.
720 2669 904 2704 Aroideae.

543 2731 556 2747 »
618 2718 671 2751 18.
721 2716 942 2762 Typhaceae.

433 2776 542 2809 Ordo
568 2777 644 2808 III.
689 2772 1052 2808 GLUMAGEAE:
1092 2769 1215 2804 Flores
1255 2768 1534 2814 hermaphroditi
1570 2773 1631 2803 aut
1669 2765 1904 2811 unisexuaffls,

554 2822 733 2866 perigonio
758 2819 1007 2854 rudimentario
1031 2829 1060 2851 v.
1086 2817 1199 2861 nullo,
1223 2816 1376 2851 bracteis
1400 2815 1556 2860 (Qumis,
1582 2815 1711 2860 paleis,
1737 2813 1906 2857 squamis)

556 2868 677 2912 cincti.
713 2867 915 2911 saepissime
941 2866 974 2899 in
1000 2864 1152 2908 spiculas
1178 2862 1331 2908 collecti,
1367 2863 1479 2897 rarius
1505 2862 1645 2907 spicati,
1678 2859 1905 2905 inconspicui.

553 2914 738 2958 Caryopsis
762 2926 791 2948 V.
816 2913 943 2947 nucula
966 2920 1219 2954 monosperma.

496 2970 594 3005 Fam.
621 2972 673 3005 19.
723 2970 945 3005 Gramineae.

546 3032 559 3047 »
619 3019 674 3051 20.
722 3017 953 3062 Cyperaceae.
