1960 3237
131 27 248 98 ⁷>
302 33 386 96 ,³1:-
550 111 553 113 Α
643 36 768 124 '222
782 0 1211 121 „ut-1⁴31&

229 153 504 206 litteraturaez„
521 152 690 191 omnium
742 151 842 219 ferex
878 149 1051 202 gentium
1100 157 1386 198 europaearum
1437 145 1643 185 hotanicae
1694 150 1903 185 contentae

230 217 344 278 sunt',
381 210 434 267 ita
465 211 506 266 ut
536 198 675 289 ηχρειτῗ
724 236 883 276 empore
917 234 995 261 non
1026 221 1104 261 nisi
1135 221 1201 274 qui
1231 221 1488 262 litteraturam
1521 221 1643 260 florae
1675 220 1903 272 hispanicae

213 289 566 354 ‘dissipatissimam
606 302 805 353 integram
848 296 1062 349 possideat,
1108 297 1258 348 plantas
1305 296 1526 349 hispanicas
1571 295 1795 349 incognitas
1827 295 1903 335 rite

227 377 491 417 determinare
535 375 671 428 possit.
731 373 816 413 Non
850 372 976 410 minus
1018 371 1248 411 desiderant
1277 371 1400 412 florae
1433 371 1659 423 hispanicae
1693 370 1900 423 synopsin,

228 453 452 504 quicunque
496 450 634 490 studiis
679 449 726 487 ‹le
766 446 1010 501 geographia
1050 447 1231 499 Europae
1266 447 1445 486 botanica
1480 450 1734 498 occupantur.
1797 446 1902 493 Quas

227 527 276 566 ob
327 538 467 566 causas
520 523 683 563 consilio
734 533 821 561 meo
874 522 1007 574 priore
1061 522 1216 574 abjecto
1268 521 1609 561 enumerationem
1658 522 1901 572 synopticam

232 601 401 641 omnium
431 600 646 652 plantarum
677 597 888 649 Hispaniae
922 597 1126 648 hucusque
1158 597 1405 650 cognitarum
1438 597 1561 635 edere
1593 595 1685 635 mihi
1715 595 1904 648 proposui

232 680 270 715 et
314 674 404 714 mihi
449 673 631 725 contigit,
678 677 720 711 ut
767 672 814 712 ad
858 684 944 711 eam
986 671 1264 711 elaborandam
1305 671 1352 712 cl.
1383 671 1510 712 LANGE
1542 670 1634 710 mihi
1666 671 1902 711 consociare

229 760 396 801 possem.
459 747 565 800 Opus
597 747 745 786 viribus
778 747 925 786 nostris
957 747 1076 785 unitis
1107 751 1305 798 creatum,
1339 748 1451 800 quus
1484 747 1632 786 initium
1666 746 1783 786 simul
1814 757 1902 785 cum

228 824 299 863 hac
338 822 579 875 praefatione
621 821 764 873 editur,
814 823 963 862 Florae
1007 822 1157 862 titulum
1202 833 1280 862 non
1313 822 1387 861 sibi
1420 822 1611 872 vindicat,
1658 821 1730 862 sed
1763 821 1900 861 funda-

229 902 397 937 mentum
449 897 574 936 solum
620 897 864 937 constituere
916 896 1036 936 debet
1086 897 1235 937 Florae
1284 898 1524 949 hispanicae
1576 897 1754 947 futurae,
1800 909 1902 950 quae

227 984 302 1010 non
352 971 427 1010 nisi
469 984 489 1010 a
530 971 724 1012 botanicis
756 972 969 1024 hispanicis
1001 970 1140 1011 confici
1172 977 1314 1024 potest.
1377 972 1485 1012 Hanc
1518 973 1567 1013 ob
1601 984 1760 1012 causam
1792 973 1903 1024 operi

226 1051 362 1085 nostro
404 1058 549 1086 nomen
590 1048 809 1087 Prodromz'
838 1047 962 1088 ssorae
992 1047 1220 1098 hispanicae
1254 1047 1528 1100 imposuimus.
1589 1048 1675 1095 Quo
1706 1048 1746 1087 in
1779 1059 1902 1100 opere

226 1121 377 1173 plantae
422 1121 548 1160 solum
580 1122 789 1174 Hispaniae
835 1121 1114 1162 continentalis
1155 1122 1451 1176 insularumque
1490 1135 1586 1163 orae
1626 1123 1901 1175 contiguarum

222 1198 417 1249 (exceptis
450 1196 569 1250 igitur
600 1197 674 1236 illis
707 1209 806 1249 quae
843 1198 883 1236 in
915 1198 1055 1238 insulis
1087 1192 1388 1240 Balearibus'et
1411 1198 1617 1250 Pythyusis
1647 1202 1899 1248 nascuntur),

222 1277 261 1312 et
292 1271 448 1324 quidem
481 1283 560 1311 non
592 1272 669 1311 nisi
701 1272 854 1324 plantae
888 1274 1144 1314 seminiferae
1179 1273 1537 1327 (phanerogamae)
1569 1278 1608 1312 et
1630 1272 1900 1325 sporophorae

222 1352 534 1401 (cryptogamac)
575 1347 803 1387 vasculares
835 1349 1054 1388 secundum
1099 1349 1326 1389 methodum
1358 1349 1576 1389 naturalem
1608 1349 1648 1388 in
1679 1347 1901 1400 compendii

221 1423 296 1461 mei
338 1421 387 1461 de
429 1427 514 1462 arte
547 1423 726 1462 botanica
759 1429 865 1464 tomo
898 1424 1074 1464 secundo
1107 1425 1346 1477 (Anleitung
1376 1437 1465 1463 zum
1498 1423 1674 1464 Studium
1707 1423 1779 1463 der
1809 1423 1901 1462 wis-

220 1496 551 1538 senschaftlichen
598 1498 772 1538 Botanik.
835 1498 1006 1538 Zweiter
1051 1499 1185 1538 Theil:
1226 1499 1434 1551 ›Specielle
1482 1499 1658 1538 Botanik.
1719 1499 1899 1551 Leipzig,

224 1570 348 1620 1854)
383 1573 462 1624 Jam
494 1573 709 1624 expositam
742 1573 1063 1612 recensebuntur
1094 1578 1134 1613 et
1164 1575 1370 1626 synoptice
1403 1574 1694 1642 describentur.
1755 1574 1898 1621 Quam-

219 1658 332 1698 quam
378 1647 534 1699 species
579 1659 740 1699 omnes,
789 1660 888 1700 quae
933 1648 1048 1688 nobis
1089 1661 1139 1688 ex
1169 1649 1367 1690 herbariis
1398 1649 1591 1702 librisque
1623 1650 1896 1700 innotuerunt,

217 1722 462 1773 recepimus,
502 1723 840 1762 enumerationem
883 1729 1058 1763 nostram
1098 1737 1177 1764 non
1218 1725 1453 1778 completam
1486 1737 1579 1765 esse
1611 1724 1734 1764 florae
1766 1724 1895 1776 hispa-

218 1797 329 1835 nicae
370 1797 582 1849 synopsin,
629 1798 829 1850 cognitum
862 1803 900 1837 et
931 1805 1175 1851 compertum
1208 1800 1414 1841 habemus.
1476 1800 1664 1853 Hispania
1695 1799 1800 1839 enim
1835 1803 1897 1839 est

215 1876 322 1911 terra
368 1873 495 1911 minus
540 1884 677 1925 parum
720 1872 846 1912 adhuc
888 1874 1112 1926 explorata,
1160 1887 1282 1927 quare
1327 1876 1540 1928 quotannis
1572 1875 1724 1928 plantas
1755 1875 1898 1915 multas

215 1947 422 1999 hucusque
467 1948 507 1987 in
562 1948 814 2000 vegetatione
876 1948 1062 2002 indigena
1117 1950 1290 1991 nondum
1338 1951 1572 1990 observatas
1616 1950 1749 2004 detegi
1793 1949 1896 1991 haud

216 2023 354 2061 mirum
394 2022 562 2064 videtur.
623 2023 767 2063 Multae
807 2024 923 2063 etiam
954 2025 1112 2076 species
1145 2038 1166 2065 a
1198 2026 1313 2066 nobis
1345 2026 1519 2066 omissae
1551 2026 1591 2065 in
1622 2025 1733 2065 libris
1765 2025 1895 2077 hispa-

216 2098 334 2148 nicis,
386 2109 486 2150 quos
518 2109 748 2150 comparare
782 2099 896 2138 nobis
930 2111 1008 2140 non
1040 2100 1170 2151 licuit,
1217 2106 1333 2153 atque
1366 2101 1404 2140 in
1435 2100 1628 2141 herbariis
1660 2099 1736 2141 illis
1767 2100 1897 2153 hispa-

215 2173 337 2224 nicis,
384 2185 483 2226 quae
526 2185 603 2213 non
644 2173 812 2213 vidimus
845 2180 912 2214 aut
943 2176 1071 2215 obiter
1104 2177 1229 2215 solum
1263 2177 1507 2228 perlustrare
1539 2176 1759 2229 potuimus,
1801 2187 1895 2215 con-

215 2252 345 2287 tentae
392 2260 484 2288 essc
528 2254 705 2301 possunt.
769 2250 1034 2297 Quamobrem
1082 2252 1353 2292 botanicorum
1382 2252 1571 2304 imprimis
1603 2251 1895 2313 hispanicorum

213 2322 492 2376 indulgentiam
540 2324 805 2376 imploramus.
865 2325 971 2365 Inter
1016 2327 1174 2378 species
1220 2341 1240 2366 a
1288 2328 1403 2367 nobis
1445 2339 1525 2367 non
1557 2327 1660 2367 visas
1693 2338 1824 2379 neque
1855 2327 1894 2366 in

213 2397 323 2437 libris
366 2397 585 2450 descriptas
629 2400 700 2439 sed
745 2401 904 2441 nomine
950 2406 1101 2442 tantum
1145 2407 1298 2443 notatas
1342 2402 1443 2443 haud
1476 2414 1624 2455 paucae
1656 2402 1743 2442 sine
1775 2401 1894 2442 dubio

214 2477 351 2523 erunt,
399 2485 499 2525 quae
544 2474 630 2513 aliis
669 2487 756 2514 cum
790 2476 1002 2528 speciebus
1035 2482 1298 2519 commutatae
1331 2483 1434 2518 sunt.
1497 2478 1649 2530 Stirpes
1681 2477 1894 2518 manifeste

215 2546 353 2586 dubias
397 2553 462 2588 aut
493 2549 667 2589 incertae
711 2551 819 2591 sedis
860 2552 1185 2604 interrogationis
1218 2553 1335 2607 signo
1370 2551 1445 2605 (ἓ),
1489 2553 1641 2605 plantas
1674 2553 1800 2594 cultas
1831 2553 1895 2593 vel

214 2621 380 2674 originis
425 2623 573 2663 exotici
611 2626 806 2666 asterisco
838 2626 896 2673 (²¹⁵)
928 2628 1164 2667 notavimus.
1226 2627 1382 2667 Genera
1422 2641 1467 2668 ac
1500 2628 1658 2681 species
1691 2627 1891 2668 continuis

213 2697 388 2736 numeris
432 2697 692 2751 signavimus,
743 2706 783 2740 ut
815 2702 880 2754 qui
912 2702 951 2741 in
985 2702 1249 2755 comparando
1281 2703 1499 2755 plantarum
1532 2715 1698 2744 numero
1729 2702 1890 2743 familia—

213 2784 298 2811 rum
330 2772 540 2825 Hispaniae
572 2786 660 2814 cum
691 2775 756 2814 illo
789 2777 1017 2817 earumdem
1049 2776 1281 2818 familiarum
1313 2777 1435 2818 florae
1467 2778 1566 2819 alius
1597 2782 1890 2831 operenostro

213 2847 268 2885 uti
311 2847 453 2906 velint,
498 2848 623 2900 primo
666 2850 806 2890 intuitu
848 2858 914 2892 aut
944 2853 1145 2894 levissima
1188 2854 1327 2894 saltem
1369 2865 1489 2906 opera
1528 2865 1675 2894 eruere
1719 2854 1888 2906 possint,

216 2926 397 2974 quantam
441 2935 636 2977 generum
679 2928 981 2980 specierumque
1029 2929 1180 2981 copiam
1223 2929 1420 2982 quaelibet
1461 2929 1603 2970 familia
1645 2929 1707 2970 vel
1747 2929 1888 2969 classis
