1960 3237
1012 108 1074 152 64

290 231 332 265 In
356 231 512 266 arenosis
537 231 812 275 graminosisque
836 229 942 264 totius
966 227 1039 261 fere
1063 225 1258 270 Hispaniae
1276 226 1312 260 in
1330 225 1470 269 regione
1486 225 1662 270 inferiore,
1688 239 1722 261 a.
1747 227 1874 262 abund.

244 279 280 312 in
303 278 453 322 provinc.
478 278 678 313 borealibus
703 280 745 316 (V.
772 289 799 312 c.
824 277 860 310 in
883 274 1022 320 pascuis
1048 273 1285 308 submontanis
1316 283 1369 317 pr.
1404 272 1519 317 Yrun,
1553 272 1658 317 WK.,
1696 285 1723 308 c.
1758 274 1877 309 Valla-

244 323 348 369 dolid,
373 324 526 367 Olmedo,
551 324 758 368 Galopagar,
783 323 904 366 Lala).
930 322 965 354 in
982 320 1108 355 ceteris
1125 320 1273 364 passim:
1299 319 1335 352 in
1358 318 1523 363 Aragon.,
1541 319 1692 363 BOUT.!,
1718 320 1872 356 Castella

245 382 333 406 nova
359 376 456 415 <agro
481 371 624 406 Madrit.
647 370 777 414 LOFL„
803 369 927 407 CAV.!„
960 367 1113 411 PROL.!,
1140 366 1242 411 Cur,
1276 366 1456 411 BOURG.!,
1489 365 1630 413 Lem),
1664 366 1775 402 Catal.
1809 375 1876 413 (pr.

243 418 386 463 Calella,
411 418 558 459 COLM.).
586 428 690 460 regno
706 416 782 451 Val.
809 414 1020 458 (Valldigna,
1045 413 1136 447 valle
1162 413 1335 457 Albayda,
1362 412 1469 457 CAV.,
1494 413 1673 459 Valencia,
1692 414 1877 460 Pomm),

243 464 387 499 Granat.
415 464 462 504 (S.
489 464 530 498 de
555 464 672 508 Mijas,
699 463 731 497 S.
757 462 888 507 Roque,
915 461 1049 505 BssA),
1083 461 1120 502 β.
1150 460 1186 494 in
1220 459 1393 495 sabulosis
1427 460 1542 495 marit.
1574 472 1625 505 pr.
1657 461 1693 496 la.
1728 461 1879 507 Corufia,

242 511 470 555 Pontevedra,
498 511 625 545 LGE.!.
652 529 694 534 -
720 508 828 553 Majo,
854 507 934 541 Jun.
963 516 997 547 22.
1024 515 1068 547 (pv.
1093 511 1148 547 v.).

289 557 379 592 Hab.
413 558 447 591 in
472 557 602 601 Europ.
627 555 741 590 media
772 559 855 600 tot,
892 553 1029 598 Gothl.,
1066 552 1218 597 Norveg.
1252 558 1379 597 austr.,
1418 552 1541 597 Angl,
1576 552 1706 599 Lusit,
1741 553 1878 600 Graec,

244 603 345 640 Ross.
371 604 598 638 meridionali.

290 663 368 697 275.
402 664 443 696 C.
469 662 713 696 articulatus
738 659 776 694 P.
802 659 841 693 B.
866 658 889 693 l.
916 669 944 693 c.
970 658 1020 699 (C.
1046 657 1223 692 aetnensis
1248 657 1406 701 PRESL.,
1430 655 1520 691 Aira
1539 657 1729 693 articulata
1746 658 1889 703 DESF.,„

198 708 252 742 Fl.
277 709 336 744 atl.
369 714 393 744 t.
421 709 492 753 13!,
525 707 599 741 Air.
630 706 781 752 hybrida
811 705 964 745 GAUD.).
1012 704 1254 745 Pluricuhnis.
1282 703 1405 739 culmis
1437 703 1690 749 'l2—2-pedal.
1716 710 1751 740 et
1774 705 1878 751 ultra,

195 755 288 791 foliis
311 754 421 800 primo
437 754 550 798 planis
565 759 688 799 postea
704 752 852 788 setaceis
868 751 1051 797 viridibus,
1077 751 1221 795 spiculis
1238 750 1464 796 fasciculatis,
1491 750 1617 794 glumis
1634 752 1879 796 inaequalibus

198 801 375 847 superiore
398 801 471 835 fere
496 802 551 834 2¹¹¹
575 800 610 846 l.,
635 800 766 835 aristae
802 799 951 834 articulo
988 798 1168 843 superiore
1198 797 1298 842 apice
1330 797 1366 832 in
1388 797 1534 832 clavum
1567 798 1754 843 oblongum
1787 800 1874 835 satis

197 859 352 885 crassum
377 848 490 882 subito
516 847 675 892 abeunte,
702 846 860 881 antheris
886 845 1005 881 ovatis.

287 894 328 929 In
351 894 506 928 arenosis
530 894 681 937 regionis
705 893 882 928 inferioris
908 891 1132 927 Catalaimiae
1166 890 1312 931 (Castell
1343 890 1385 925 de
1418 890 1518 937 Fels,
1546 891 1660 927 CSTA.
1676 894 1699 934 l)
1723 896 1759 927 et
1783 892 1880 936 regni

241 940 384 975 Granat.
409 939 576 975 occident.
604 941 668 985 (pr.
694 939 847 984 Malaga,
873 939 971 983 BSS.)
997 949 1088 973 raro.
1116 957 1159 962 -—
1186 941 1234 979 (ο).
1261 937 1360 984 Apr.,
1385 937 1484 982 Majo
1509 946 1554 979 (n.
1579 943 1635 977 κα).

286 986 464 1021 Observ.
513 987 586 1022 Sec.
612 988 654 1022 cl.
681 987 803 1021 COLM.
829 991 864 1021 et
889 986 978 1020 CUT.
1004 986 1041 1019 in
1076 994 1160 1028 agro
1194 994 1330 1028 quoque
1362 984 1574 1020 Madritensi
1607 989 1665 1027 (en
1697 985 1751 1020 los
1776 985 1879 1021 Altos

242 1033 282 1067 de
307 1033 339 1068 S.
363 1033 593 1071 Bernardino)
617 1034 758 1078 erescit;
798 1033 859 1068 sed
885 1043 987 1076 quum
1013 1031 1204 1076 specimina
1228 1042 1297 1066 non
1327 1031 1474 1066 viderim
1505 1042 1569 1067 nec
1600 1037 1762 1068 auctores
1787 1044 1877 1067 com-

240 1081 421 1115 memorati
445 1081 573 1124 speciei
599 1081 774 1124 sequentis
798 1080 835 1114 in
859 1090 941 1123 agro
965 1078 1177 1114 Madritensi
1195 1079 1282 1114 satis
1299 1077 1494 1122 frequentis
1511 1079 1721 1115 mentionem
1737 1079 1878 1125 faciant,

240 1126 429 1162 Castellam
452 1137 574 1161 novam
598 1127 643 1161 ad
666 1128 771 1171 hujus
797 1127 926 1172 speciei
952 1136 1071 1160 aream
1095 1125 1225 1160 referre
1251 1125 1366 1160 adhuc
1391 1125 1537 1161 haesito.

286 1173 375 1208 Hab.
399 1174 435 1208 in
459 1173 550 1209 Gall.
574 1174 708 1218 merid,
733 1173 840 1219 Cors,
865 1173 955 1219 Ital,
983 1172 1088 1218 Sicil.,
1113 1172 1224 1207 Afric.
1249 1171 1394 1208 boreali.

284 1243 362 1277 276.
396 1245 441 1278 C.
465 1245 733 1279 fasciculatus
746 1243 830 1278 BSS.
843 1248 877 1278 et
889 1242 1013 1278 REUT.
1027 1243 1113 1285 Pug.
1129 1242 1328 1283 123!(Aira
1341 1241 1488 1282 articss.
1503 1242 1644 1286 gracilis
1662 1242 1817 1277 DESF.I.
1832 1248 1876 1280 c.)

196 1288 322 1324 Differt
345 1300 366 1324 a
389 1290 635 1335 praecedente,
669 1291 723 1325 cui
747 1290 844 1325 valde
870 1290 1010 1333 similis,
1047 1289 1192 1334 spiculis
1223 1290 1416 1324 minoribus
1447 1290 1580 1333 <gluma
1612 1290 1794 1334 superiore
1818 1291 1877 1324 vix

197 1335 311 1380 1¹s·.·“‘
334 1336 382 1381 l.),
407 1337 537 1372 aristae
561 1338 708 1372 articulo
733 1337 913 1382 superiore
937 1336 1094 1371 filiformi
1117 1337 1154 1370 in
1177 1336 1313 1371 clavum
1338 1342 1524 1380 angustum
1555 1337 1685 1372 sensim
1710 1337 1871 1381 abeunte,

194 1382 353 1418 antheris
378 1383 528 1419 minimis
553 1384 812 1428 subquadratis.

285 1429 327 1464 In
351 1431 506 1466 arenosis
530 1431 682 1475 regionis
706 1430 858 1465 inferior.
883 1429 1077 1475 Hispaniae
1102 1429 1269 1464 centralis
1293 1434 1328 1464 et
1352 1429 1519 1465 australis
1544 1430 1695 1474 passim:
1722 1430 1759 1464 in
1782 1434 1878 1464 utra-

245 1486 310 1519 que
336 1475 489 1512 Castella
513 1477 737 1524 (Encinillas,
762 1479 975 1522 Benavente,
1011 1476 1227 1521 Galopagar,
1261 1476 1376 1521 LGE.,
1411 1477 1615 1512 Chamartin
1640 1482 1717 1523 etc,
1741 1476 1878 1522 REUT.,

239 1523 428 1602 IJssoURG.!,
461 1524 603 1570 LGE.!),
640 1535 745 1568 regno
778 1525 922 1560 Granat.
957 1523 1065 1559 occid.
1092 1523 1139 1564 (S.
1165 1523 1299 1568 Roque,
1324 1524 1422 1570 Β55.7
1447 1523 1597 1565 ΒΕΗΤ.).
1623 1544 1667 1549 -
1692 1528 1740 1566 Θ.
1767 1524 1877 1569 Majo,

267 1581 322 1604 un.
349 1574 391 1611 (v.
417 1574 468 1611 s.).

284 1616 372 1650 Hab.
398 1616 433 1652 in
456 1617 580 1662 Lusit,
605 1617 696 1653 Gall.
722 1624 841 1663 austr.,
868 1617 974 1663 Sieil.,
1000 1616 1110 1652 Afric.
1136 1616 1281 1652 boreali.

287 1674 388 1708 12277.
423 1677 464 1709 C.
489 1679 806 1712 macr-antherus
830 1676 914 1711 BSS.
941 1682 975 1711 et
1000 1675 1124 1710 REUT.
1148 1675 1170 1709 1.
1196 1686 1224 1710 c.
1244 1676 1326 1710 124!
1369 1673 1497 1710 Differt
1521 1685 1542 1709 a
1567 1675 1717 1719 specieb.
1742 1675 1876 1710 duabus

195 1720 483 1764 praecedentibus
508 1723 695 1768 praecipue
718 1724 903 1768 paniculae
927 1723 1034 1758 ramis
1060 1722 1274 1757 abbreviatis
1299 1726 1376 1759 (nec
1405 1721 1540 1756 inferne
1570 1722 1672 1766 longe
1700 1722 1817 1764 nudis)
1842 1727 1877 1757 et

191 1766 347 1848 antherids
379 1768 570 1806 linearibus
608 1771 658 1805 eis
692 1771 727 1805 C.
761 1770 938 1805 articulati
969 1770 1135 1815 3—4-plo
1169 1769 1373 1814 majoribus.
1407 1789 1451 1794 ——
1483 1769 1539 1803 An
1571 1770 1687 1814 potius
1724 1770 1876 1804 varietas

193 1823 318 1857 praece
345 1815 463 1849 entis‘?

284 1859 325 1894 In
360 1862 515 1897 arenosis
549 1862 701 1905 regionis
735 1862 890 1897 inferior.
926 1863 1024 1906 regni
1060 1861 1205 1898 Granat.
1242 1862 1289 1903 (S.
1322 1861 1460 1906 Roque,
1497 1862 1598 1901 Bss.)
1637 1868 1672 1898 et
1707 1863 1876 1898 Baeticae

239 1905 443 1953 SOHOUSB.,
478 1909 601 1953 Arcos,
632 1909 708 1943 Pto.
740 1909 782 1944 de
815 1909 885 1944 Sta.
918 1909 1051 1954 Maria,
1071 1910 1219 1954 -REUT.,
1245 1920 1288 1944 en
1317 1909 1353 1944 la
1377 1909 1529 1953 Algaida
1560 1921 1612 1954 pr.
1638 1910 1809 1946 Sanlucar
1833 1908 1875 1944 de

238 1953 464 2000 Barrameda,
490 1955 668 1995 BOURG.).
693 1960 742 1997 Θ.
770 1964 816 1994 (n.
841 1961 885 1997 v.)
1472 1954 1475 1957 ¹

310 2026 385 2066 CV.
428 2027 549 2067 AIRA
580 2027 622 2067 L.
647 2027 743 2067 Gen.
766 2028 815 2081 pl.
860 2029 1038 2081 Spiculae
1070 2030 1233 2070 biflorae
1266 2029 1527 2082 paniculatae,
1560 2027 1704 2081 glumis
1730 2027 1872 2067 subae-

195 2083 374 2136 qualibus
406 2086 593 2125 carinatis
624 2085 744 2125 flores
776 2087 941 2127 scssiles
974 2089 1265 2141 superantibus,
1300 2087 1411 2140 palea
1442 2086 1636 2126 inferiore
1675 2085 1791 2126 bifida
1835 2089 1874 2125 et

196 2153 316 2194 saepe
347 2143 387 2182 in
419 2143 538 2184 dorso
570 2144 727 2184 aristam
760 2156 839 2184 non
871 2146 1114 2186 articulatam
1145 2158 1221 2186 nec
1253 2146 1439 2187 clavatam
1471 2149 1657 2198 gerente.

330 2220 348 2242 *
395 2221 557 2265 Spiculae
582 2222 846 2267 approximatae
870 2222 1016 2267 ideoque
1041 2224 1204 2269 panicula
1228 2223 1436 2260 fasciculata
1459 2235 1489 2258 v.
1516 2222 1730 2269 thyrsoidea.

287 2291 363 2325 278.
395 2293 444 2325 A.
469 2302 649 2333 praecox
672 2291 713 2326 L.
739 2292 819 2327 Cod.
847 2294 931 2327 5601
964 2293 1085 2328 RCHB.
1112 2294 1159 2329 Ic.
1186 2294 1213 2332 Ι,
1238 2294 1261 2329 f.
1289 2294 1393 2329 1675!
1420 2293 1557 2329 (Avena
1579 2302 1731 2337 praecox
1755 2290 1794 2324 P.
1820 2290 1871 2335 B„

196 2335 355 2380 Airopsis
390 2347 539 2381 praecox
574 2338 670 2374 FR).
719 2339 967 2379 Multiculmis,
1001 2341 1122 2375 culmis
1148 2342 1262 2375 2—5‘¹
1286 2341 1322 2376 l..
1346 2340 1511 2385 panicula
1536 2339 1644 2374 densa
1669 2336 1874 2383 thyrsoidea

203 2383 345 2435 ¹s2—1J
370 2382 410 2427 l.,
447 2385 589 2429 spiculis
616 2386 730 2432 l¹s2“‘
755 2385 778 2420 l.
813 2385 984 2431 pedicello
1019 2387 1251 2433 longioribus,
1292 2388 1419 2432 glumis
1454 2386 1586 2431 acutis,
1625 2385 1744 2420 aristis
1770 2384 1872 2428 longe

197 2434 507 2511 exselltiisarenosis
532 2478 684 2521 regionis
707 2478 861 2514 inferior.
888 2478 1081 2523 Hispaniae
1110 2481 1263 2515 borealis
1296 2455 1332 2515 et
1362 2479 1543 2514 centralis:
1583 2479 1619 2513 in
1651 2477 1783 2513 Gallec.
1808 2477 1875 2511 fre-

243 2532 351 2566 quens
387 2521 512 2567 (ῙιῡιΕ.7
544 2524 696 2563 PLAN.).
730 2525 851 2560 Astur.
883 2525 1039 2570 (Gi-ado,
1062 2526 1197 2571 Gangas
1222 2527 1264 2562 de
1289 2526 1417 2570 Tineo,
1443 2526 1533 2561 valle
1558 2525 1724 2571 Naviegi,
1748 2524 1874 2566 ΕΗΒ),

241 2569 667 2655 Οει5Ἇιὶὲνῖν(ίέι·)ἃΠ,]”ιιθΖ,
693 2571 839 2618 BOUT!,
866 2572 1018 2619 Madrid,
1045 2573 1155 2618 CAV.,
1182 2573 1444 2619 Guadarrama,
1472 2573 1654 2618 Escorial,
1679 2572 1802 2614 LGE.).
1828 2590 1871 2595 —

242 2618 376 2741 {Halp
398 2643 437 2695 in
461 2643 591 2707 Europ.
616 2664 704 2699 med.
728 2669 813 2707 tota,
839 2665 940 2710 Dan,
966 2664 1095 2710 Gothi,
1121 2666 1292 2711 Norweg.,
1316 2667 1463 2711 Britan„
1491 2666 1616 2712 Lusit,
1640 2665 1730 2710 Ital,
1748 2664 1875 2708 Dalm,

278 2718 389 2742 auria.

289 2766 366 2799 279.
399 2768 446 2800 A.
465 2768 735 2802 multieulmis
760 2769 862 2805 DUM.
880 2769 1021 2813 Agrost.
1042 2765 1191 2811 121.'(A.
1206 2776 1396 2815 aggregata
1413 2771 1559 2806 TIMER.
1578 2781 1633 2815 ap.
1650 2769 1748 2804 Jord.
1766 2775 1874 2812 pug.).

199 2810 442 2857 Multiculmis,
467 2812 589 2848 culmis
615 2815 739 2849 erectis
772 2817 778 2835 ¹
786 2816 964 2862 s‘2--1's2‘
989 2816 1010 2851 l.
1043 2816 1274 2862 fasciculatis,
1308 2818 1400 2853 foliis
1433 2818 1590 2861 angustis
1623 2815 1875 2859 canaliculatis,

198 2857 331 2911 vaginis
358 2859 506 2898 scabris,
532 2860 714 2903 paniculae
738 2863 1134 2906 repetito-trichotomae
1158 2865 1301 2899 ramulis
1327 2865 1552 2909 capillaribus
1576 2863 1714 2898 demum
1738 2861 1875 2907 patulo-

200 2910 346 2947 erectis⁷
374 2905 518 2950 spiculis
543 2905 755 2942 fasciculatis
780 2909 898 2945 nitidis
924 2911 979 2943 1“‘
1003 2910 1041 2952 l.,
1076 2909 1201 2952 glumis
1224 2911 1378 2946 breviter
1405 2911 1624 2956 acuminatiS,
1648 2909 1752 2954 palea
1774 2908 1875 2942 infer.

197 2950 461 3034 baSirtpflorum
490 2952 647 2988 brevium
684 2953 866 2991 fasciculos
893 2956 998 2992 binos
1027 2961 1170 3000 gerente
1206 2963 1240 2993 et
1279 2968 1385 3003 supra
1422 2959 1524 2995 basin
1560 2957 1725 3001 aristata,
1766 2955 1877 2990 arista

198 3006 279 3032 exse
317 3009 346 3032 a.
