1960 3237
861 13 931 49 VII

47 149 260 188 contineat.
322 146 470 186 Eadem
514 144 562 184 de
609 154 728 183 causa
762 155 956 195 generum
990 143 1298 196 specierumque
1329 144 1660 195 computationem
1694 141 1741 183 ad

45 224 163 263 tinem
209 222 446 263 divisionum
489 225 530 260 et
582 219 768 259 classium
817 220 1082 272 adJunximus.
1144 218 1240 258 Item
1286 225 1528 272 conspectus
1573 220 1742 258 tribuum

47 305 85 339 et
124 299 259 340 claves
304 297 520 348 analyticas
564 306 760 348 generum
801 307 844 333 ac
886 296 1136 347 specierum,
1184 306 1282 347 quas
1317 294 1471 335 familiis
1505 295 1740 348 generibus-

47 387 125 428 que
157 374 372 423 majoribus
404 378 444 412 et
476 370 763 411 difficilioribus
795 370 1041 420 addidimus,
1076 381 1154 410 non
1187 381 1324 422 parum
1358 369 1405 410 ad
1439 370 1604 410 lectoris
1636 380 1743 408 com-

47 450 205 490 modum
260 449 546 500 utilitatemque
598 446 784 487 conferre
838 457 1062 498 speramus.
1124 445 1154 485 E
1200 446 1431 498 synonymis
1477 449 1637 498 praeter
1682 444 1745 484 illa

45 531 250 566 auctorum
297 524 591 576 hispanicorum
635 526 675 562 et
716 522 1018 562 lusitanicorum
1062 533 1223 573 semper
1255 522 1410 561 laudata
1444 521 1494 560 ol)
1529 521 1643 572 spatii
1676 533 1743 560 an-

44 601 214 655 gustiam
246 599 352 640 nulla
385 599 626 651 recepimus,
661 598 736 638 nisi
769 609 871 650 quae
904 597 952 637 ad
988 596 1263 637 illustrandam
1297 598 1460 650 stirpem
1500 597 1745 638 conferrent.

43 675 219 717 Eandem
261 676 455 715 rationem
500 675 538 714 in
571 673 739 714 citandis
774 672 955 712 iconibus
991 672 1119 711 secuti
1153 684 1314 718 sumus,
1365 683 1386 711 e
1420 684 1584 724 quarum
1617 684 1744 725 grege

44 757 204 805 praeter
242 750 390 805 figuras
434 750 481 790 ab
522 750 752 789 auctoribus
785 748 1002 801 hispanicis
1046 753 1085 787 et
1124 748 1343 788 lusitanicis
1390 748 1498 788 datas
1545 760 1743 800 nunquam

44 828 214 868 omissas
258 826 344 866 illas
391 825 518 866 solum
564 826 783 878 elegimus,
832 836 998 876 quarum
1031 823 1274 876 praestantia
1308 825 1533 876 specierum
1566 823 1743 877 cognitio

44 903 190 956 optime
222 901 441 956 adjuvatur.
503 901 641 954 Neque
674 901 871 954 ingratum
909 899 995 939 fore
1029 899 1367 950 existimavimus,
1402 900 1615 952 praecipue
1649 899 1742 938 tiro-

44 978 158 1018 nibus
203 977 439 1030 hispanicis,
489 977 555 1029 qui
600 981 904 1029 opere‚nostro
950 976 998 1016 ad
1043 974 1368 1016 determinandas
1412 975 1563 1027 plantas
1596 973 1743 1027 patrias

44 1053 98 1092 uti
141 1052 286 1104 velint,
332 1053 364 1091 si
403 1052 443 1091 in
477 1063 526 1092 eo
570 1052 730 1092 nomina
769 1052 886 1092 etiam
918 1052 1132 1092 vernacula
1165 1051 1333 1092 inveniri
1363 1052 1536 1103 possint,
1586 1063 1660 1103 qua
1694 1049 1742 1089 de

42 1141 163 1170 causa
209 1129 360 1180 omnia,
405 1139 507 1181 quae
541 1128 655 1168 nobis
686 1128 971 1179 innotuerunt,
1020 1128 1234 1180 speciebus
1269 1127 1484 1180 diligenter
1517 1125 1742 1165 addidimus

42 1217 170 1258 eaque
221 1203 267 1244 ad
313 1203 430 1243 finem
477 1204 686 1244 voluminis
738 1205 843 1244 tertii
889 1204 927 1243 in
976 1203 1149 1244 indicem
1209 1203 1408 1257 proprium
1456 1201 1740 1254 alphabeticum

42 1280 266 1336 colligenda
317 1280 555 1320 curabimus.
620 1279 768 1320 Ibidem
820 1281 997 1321 lectores
1049 1279 1220 1320 indicem
1275 1279 1392 1319 etiam
1445 1278 1648 1318 nominum
1704 1281 1742 1315 et

41 1368 352 1409 synonymorum
398 1356 753 1409 locupletissimum
799 1359 919 1408 atque
967 1356 1167 1395 elementa
1210 1354 1480 1409 geographiae
1527 1353 1740 1405 Hispaniae

39 1433 248 1473 botanicae
292 1432 505 1472 invenient.
565 1432 606 1471 In
652 1431 918 1484 disponendis
967 1431 1141 1484 denique
1188 1430 1408 1483 plantarum
1456 1429 1554 1469 locis
1603 1427 1741 1468 natali-

36 1506 136 1558 bus,
181 1519 282 1560 quae
330 1519 380 1546 ex
422 1508 518 1559 ipsis
563 1507 671 1547 floris
716 1507 979 1559 specialibus,
1028 1519 1080 1546 ex
1112 1506 1305 1545 herbariis
1339 1505 1490 1544 nostris
1523 1509 1562 1543 et
1595 1503 1736 1544 alienis

36 1588 152 1635 atque
208 1595 259 1622 ex
309 1582 631 1622 adnotationibus
684 1583 722 1621 in
768 1582 980 1622 itineri-bus
1030 1581 1179 1622 nostris
1227 1592 1299 1632 per
1346 1580 1572 1631 Hispaniam
1626 1578 1737 1618 factis

36 1658 259 1710 hausimus,
306 1659 529 1712 specierum
572 1671 644 1711 per
688 1658 934 1698 territorium
967 1657 1091 1698 florae
1123 1662 1286 1696 nostrae
1322 1656 1602 1695 extensionem
1634 1653 1739 1693 hori-

36 1733 231 1774 zontalem
273 1746 318 1774 ac
356 1734 583 1774 verticalem
618 1745 778 1786 semper
810 1737 903 1772 ante
937 1733 1075 1772 oculos
1108 1732 1318 1771 habuimus
1351 1741 1569 1783 earumque
1603 1729 1735 1768 distri-

36 1808 238 1849 butionem
295 1821 366 1862 per
424 1814 621 1849 terrarum
674 1809 812 1850 orbem
864 1808 1174 1862 geographicam
1226 1810 1411 1847 accurate
1464 1805 1736 1845 indicavimus.

37 1884 145 1932 Quae
188 1885 229 1924 in
270 1885 532 1938 imprimendo
576 1897 698 1938 opere
744 1884 998 1937 reperiantur
1042 1884 1190 1936 stirpes
1234 1887 1301 1922 aut
1342 1881 1457 1922 nobis
1491 1880 1734 1920 innotuerint

38 1960 277 2014 corrigenda
309 1966 349 2001 et
380 1961 578 2015 augenda,
612 1961 660 2001 ad
692 1960 810 2000 finem
845 1962 1009 2014 cujusve
1043 1958 1257 1999 voluminis
1281 1957 1465 1998 addenda
1489 1956 1735 2005 curabimus3

38 2047 139 2088 quae
185 2047 308 2088 opere
352 2036 551 2088 impresso
596 2037 850 2090 detegantur,
899 2036 939 2075 in
971 2034 1258 2088 supplementis
1291 2033 1339 2074 ad
1373 2032 1630 2072 Prodromum
1664 2040 1737 2069 suo

39 2114 218 2163 tempore
259 2110 427 2151 edendis
459 2112 498 2150 in
532 2112 804 2152 botanicorum
839 2112 1016 2153 notitiam
1048 2111 1312 2164 perferemus.
1376 2108 1533 2158 Restat,
1568 2111 1610 2146 ut
1640 2105 1736 2145 viris

38 2185 266 2226 clarissimis
298 2199 344 2227 ae
376 2186 640 2238 doctissimis,
675 2188 741 2240 qui
773 2187 969 2228 herbariis
1004 2188 1088 2227 suis
1121 2186 1184 2226 vel
1216 2184 1382 2238 publicis
1414 2182 1551 2222 utendi
1583 2193 1734 2221 summa

39 2272 125 2301 cum
171 2260 405 2302 liberalitate
438 2263 553 2302 nobis
599 2263 798 2303 dederunt
838 2264 1008 2315 veniam,
1044 2267 1112 2302 aut
1143 2273 1216 2301 nos
1249 2258 1553 2300 collectionibus
1585 2257 1733 2310 planta-

39 2347 125 2376 rum
174 2335 465 2389 hispanicarum
515 2338 709 2392 librisque
759 2338 810 2379 de
862 2339 959 2380 flora
1010 2337 1212 2390 hispanica
1264 2334 1474 2389 agentibus
1527 2333 1732 2373 nobiscum

40 2411 236 2453 benevole
278 2415 576 2455 communicatis
608 2419 674 2455 aut
705 2414 1055 2455 observationibus
1088 2413 1170 2452 suis
1203 2422 1447 2465 magnopere
1479 2409 1732 2463 adjuvarunt,

41 2487 230 2540 imprimis
262 2488 443 2529 Emmnno
475 2490 678 2542 Bo1ssiea,
727 2490 911 2530 botanieo
944 2488 1197 2538 Genevensi,
1230 2486 1274 2526 R.
1307 2486 1532 2535 Bucnmeea,
1579 2483 1733 2536 profes-

42 2561 125 2601 sori
154 2561 514 2616 Argentoratensi,
547 2565 727 2606 ΜιεΗΑΕω
761 2565 980 2616 Commno,
1012 2562 1238 2617 professori
1272 2560 1524 2611 Madritensi,
1557 2559 1601 2599 E.
1636 2558 1732 2598 Cos-

42 2648 138 2689 soN,
200 2637 383 2679 botanieo
433 2640 669 2693 Parisiensi,
729 2641 904 2682 Aurorae
957 2640 1102 2690 CosTA,
1159 2637 1383 2691 professori
1432 2634 1731 2684 Barcinonensi,

44 2712 249 2754 Viucssn'rio
282 2713 476 2767 CurAnnA,
508 2717 734 2768 professori
766 2716 1020 2766 Madritensi,
1058 2713 1321 2755 bibliothecae
1355 2717 1393 2751 et
1425 2710 1597 2751 herbarii
1630 2709 1732 2749 horti

44 2789 145 2841 regii
178 2788 433 2830 Madritensis
465 2791 667 2845 directori,
702 2793 745 2834 E.
778 2793 915 2844 FENZL,
949 2790 1171 2844 professori
1194 2774 1495 2829 vindobonensi
1528 2791 1567 2825 et
1599 2783 1728 2824 musei

44 2864 215 2906 botanici
245 2867 460 2919 imperialis
494 2866 696 2920 directori,
731 2868 781 2908 Μ.
805 2869 921 2919 Fusa,
959 2866 1112 2908 medico
1133 2863 1434 2917 Bambergensi,
1466 2861 1611 2900 JACOBO
1636 2858 1728 2908 Gn,

46 2941 227 2984 botanieo
267 2943 503 2993 Parisiensi,
555 2942 709 2985 ANGELO
750 2943 918 2995 Guium,
978 2941 1132 2982 medico
1177 2939 1379 2989 Murcico,
1434 2936 1477 2976 G.
1521 2935 1730 2984 Mmmmo,
