<?xml version="1.0" encoding="UTF-8"?>
<!DOCTYPE html PUBLIC "-//W3C//DTD XHTML 1.0 Transitional//EN"
    "http://www.w3.org/TR/xhtml1/DTD/xhtml1-transitional.dtd">
<html xmlns="http://www.w3.org/1999/xhtml" xml:lang="en" lang="en">
 <head>
  <title>
</title>
<meta http-equiv="Content-Type" content="text/html;charset=utf-8" />
  <meta name='ocr-system' content='tesseract 3.04.00' />
  <meta name='ocr-capabilities' content='ocr_page ocr_carea ocr_par ocr_line ocrx_word'/>
</head>
<body>
  <div class='ocr_page' id='page_1' title='image "./prodromusfloraeh01will_0345.png"; bbox 0 0 1960 3237; ppageno 0'>
   <div class='ocr_carea' id='block_1_1' title="bbox 881 115 974 159">
    <p class='ocr_par' dir='ltr' id='par_1_1' title="bbox 881 115 974 159">
     <span class='ocr_line' id='line_1_1' title="bbox 881 115 974 159; baseline 0 0"><span class='ocrx_word' id='word_1_1' title='bbox 881 115 974 159; x_wconf 83' lang='lat'>309</span> 
     </span>
    </p>
   </div>
   <div class='ocr_carea' id='block_1_2' title="bbox 174 230 920 271">
    <p class='ocr_par' dir='ltr' id='par_1_2' title="bbox 174 230 920 271">
     <span class='ocr_line' id='line_1_2' title="bbox 174 230 920 271; baseline 0.005 -5"><span class='ocrx_word' id='word_1_2' title='bbox 174 230 231 267; x_wconf 90' lang='lat' dir='ltr'>Ad</span> <span class='ocrx_word' id='word_1_3' title='bbox 255 243 288 267; x_wconf 92' lang='lat' dir='ltr'>n.</span> <span class='ocrx_word' id='word_1_4' title='bbox 316 232 415 266; x_wconf 87' lang='lat'>1063.</span> <span class='ocrx_word' id='word_1_5' title='bbox 464 235 513 267; x_wconf 88' lang='lat' dir='ltr'>A.</span> <span class='ocrx_word' id='word_1_6' title='bbox 538 235 709 269; x_wconf 80' lang='lat' dir='ltr'>hastata</span> <span class='ocrx_word' id='word_1_7' title='bbox 733 234 774 268; x_wconf 92' lang='lat' dir='ltr'>L.</span> <span class='ocrx_word' id='word_1_8' title='bbox 799 234 920 271; x_wconf 87' lang='lat' dir='ltr'>Adde:</span> 
     </span>
    </p>
   </div>
   <div class='ocr_carea' id='block_1_3' title="bbox 228 278 1783 474">
    <p class='ocr_par' dir='ltr' id='par_1_3' title="bbox 228 278 1781 377">
     <span class='ocr_line' id='line_1_3' title="bbox 228 278 1781 337; baseline 0.01 -25"><span class='ocrx_word' id='word_1_9' title='bbox 228 290 265 324; x_wconf 61' lang='lat' dir='ltr'>y.</span> <span class='ocrx_word' id='word_1_10' title='bbox 289 278 441 323; x_wconf 82' lang='lat' dir='ltr'>parvis</span> <span class='ocrx_word' id='word_1_11' title='bbox 447 279 543 314; x_wconf 90' lang='lat' dir='ltr'>olia</span> <span class='ocrx_word' id='word_1_12' title='bbox 568 280 704 320; x_wconf 83' lang='lat' dir='ltr'>MOQU.</span> <span class='ocrx_word' id='word_1_13' title='bbox 731 281 771 316; x_wconf 87' lang='lat' dir='ltr'>T.</span> <span class='ocrx_word' id='word_1_14' title='bbox 797 281 900 317; x_wconf 88' lang='lat' dir='ltr'>Folia</span> <span class='ocrx_word' id='word_1_15' title='bbox 924 283 1063 318; x_wconf 88' lang='lat' dir='ltr'>alterna</span> <span class='ocrx_word' id='word_1_16' title='bbox 1087 296 1116 318; x_wconf 93' lang='lat' dir='ltr'>v.</span> <span class='ocrx_word' id='word_1_17' title='bbox 1143 286 1322 330; x_wconf 88' lang='lat' dir='ltr'>opposita,</span> <span class='ocrx_word' id='word_1_18' title='bbox 1348 286 1498 335; x_wconf 83' lang='lat' dir='ltr'>minnta,</span> <span class='ocrx_word' id='word_1_19' title='bbox 1532 290 1781 337; x_wconf 82' lang='lat' dir='ltr'>triangularia3</span> 
     </span>
     <span class='ocr_line' id='line_1_4' title="bbox 295 325 1416 377; baseline 0.005 -16"><span class='ocrx_word' id='word_1_20' title='bbox 295 325 431 361; x_wconf 88' lang='lat' dir='ltr'>semina</span> <span class='ocrx_word' id='word_1_21' title='bbox 455 327 600 362; x_wconf 86' lang='lat' dir='ltr'>minuta.</span> <span class='ocrx_word' id='word_1_22' title='bbox 626 348 670 352; x_wconf 92' lang='lat'><strong>—</strong></span> <span class='ocrx_word' id='word_1_23' title='bbox 696 328 738 362; x_wconf 92' lang='lat' dir='ltr'>In</span> <span class='ocrx_word' id='word_1_24' title='bbox 763 330 857 369; x_wconf 63' lang='lat' dir='ltr'>agris</span> <span class='ocrx_word' id='word_1_25' title='bbox 883 329 926 364; x_wconf 87' lang='lat' dir='ltr'>ad</span> <span class='ocrx_word' id='word_1_26' title='bbox 952 330 1126 365; x_wconf 87' lang='lat' dir='ltr'>Murciam</span> <span class='ocrx_word' id='word_1_27' title='bbox 1150 333 1287 377; x_wconf 90' lang='lat' dir='ltr'>urbem,</span> <span class='ocrx_word' id='word_1_28' title='bbox 1318 332 1416 368; x_wconf 83' lang='lat' dir='ltr'>LGE.</span> 
     </span>
    </p>

    <p class='ocr_par' dir='ltr' id='par_1_4' title="bbox 229 371 1783 474">
     <span class='ocr_line' id='line_1_5' title="bbox 229 371 1783 430; baseline 0.009 -24"><span class='ocrx_word' id='word_1_29' title='bbox 229 371 261 407; x_wconf 82' lang='grc' dir='ltr'>ὁ.</span> <span class='ocrx_word' id='word_1_30' title='bbox 287 373 491 417; x_wconf 84' lang='lat' dir='ltr'>triangul</span> <span class='ocrx_word' id='word_1_31' title='bbox 507 375 596 409; x_wconf 88' lang='lat' dir='ltr'>aris</span> <span class='ocrx_word' id='word_1_32' title='bbox 622 375 757 414; x_wconf 77' lang='lat' dir='ltr'>MOQU.</span> <span class='ocrx_word' id='word_1_33' title='bbox 778 376 816 410; x_wconf 94' lang='lat' dir='ltr'>T.</span> <span class='ocrx_word' id='word_1_34' title='bbox 836 376 938 411; x_wconf 86' lang='lat' dir='ltr'>Folia</span> <span class='ocrx_word' id='word_1_35' title='bbox 954 378 1102 423; x_wconf 82' lang='lat' dir='ltr'>alterna,</span> <span class='ocrx_word' id='word_1_36' title='bbox 1128 380 1369 423; x_wconf 84' lang='lat' dir='ltr'>triangularia,</span> <span class='ocrx_word' id='word_1_37' title='bbox 1396 381 1624 430; x_wconf 83' lang='lat' dir='ltr'>subdentata3</span> <span class='ocrx_word' id='word_1_38' title='bbox 1650 384 1783 420; x_wconf 89' lang='lat' dir='ltr'>semina</span> 
     </span>
     <span class='ocr_line' id='line_1_6' title="bbox 294 419 1448 474; baseline 0.008 -20"><span class='ocrx_word' id='word_1_39' title='bbox 294 419 440 455; x_wconf 90' lang='lat' dir='ltr'>minuta.</span> <span class='ocrx_word' id='word_1_40' title='bbox 466 441 510 445; x_wconf 90' lang='lat'>-—</span> <span class='ocrx_word' id='word_1_41' title='bbox 538 421 580 455; x_wconf 91' lang='lat' dir='ltr'>In</span> <span class='ocrx_word' id='word_1_42' title='bbox 605 421 781 457; x_wconf 85' lang='lat' dir='ltr'>ruderatis</span> <span class='ocrx_word' id='word_1_43' title='bbox 807 423 851 457; x_wconf 85' lang='lat' dir='ltr'>ad</span> <span class='ocrx_word' id='word_1_44' title='bbox 877 435 955 468; x_wconf 89' lang='lat' dir='ltr'>opp.</span> <span class='ocrx_word' id='word_1_45' title='bbox 981 424 1104 460; x_wconf 88' lang='lat' dir='ltr'>Ferro]</span> <span class='ocrx_word' id='word_1_46' title='bbox 1130 425 1326 474; x_wconf 89' lang='lat' dir='ltr'>Galleciae,</span> <span class='ocrx_word' id='word_1_47' title='bbox 1351 426 1448 463; x_wconf 84' lang='lat' dir='ltr'>LGE.</span> 
     </span>
    </p>
   </div>
   <div class='ocr_carea' id='block_1_4' title="bbox 182 479 1782 534">
    <p class='ocr_par' dir='ltr' id='par_1_5' title="bbox 182 479 1782 534">
     <span class='ocr_line' id='line_1_7' title="bbox 182 479 1782 534; baseline 0.007 -20"><span class='ocrx_word' id='word_1_48' title='bbox 182 479 273 514; x_wconf 82' lang='lat'>1063</span> <span class='ocrx_word' id='word_1_49' title='bbox 302 479 367 513; x_wconf 64' lang='lat' dir='ltr'>bie.</span> <span class='ocrx_word' id='word_1_50' title='bbox 416 481 466 514; x_wconf 87' lang='lat' dir='ltr'>A.</span> <span class='ocrx_word' id='word_1_51' title='bbox 493 481 690 514; x_wconf 81' lang='lat' dir='ltr'>obtusata</span> <span class='ocrx_word' id='word_1_52' title='bbox 715 480 812 515; x_wconf 81' lang='lat' dir='ltr'>LGE.</span> <span class='ocrx_word' id='word_1_53' title='bbox 838 481 922 524; x_wconf 83' lang='lat' dir='ltr'>Pug.</span> <span class='ocrx_word' id='word_1_54' title='bbox 950 482 997 529; x_wconf 74' lang='grc' dir='ltr'>ΙΙ,</span> <span class='ocrx_word' id='word_1_55' title='bbox 1022 484 1095 518; x_wconf 73' lang='lat'>921.</span> <span class='ocrx_word' id='word_1_56' title='bbox 1144 485 1284 529; x_wconf 88' lang='lat' dir='ltr'>Annua,</span> <span class='ocrx_word' id='word_1_57' title='bbox 1324 487 1430 521; x_wconf 90' lang='lat' dir='ltr'>ramis</span> <span class='ocrx_word' id='word_1_58' title='bbox 1465 491 1729 534; x_wconf 86' lang='lat' dir='ltr'>erecto-patulis</span> <span class='ocrx_word' id='word_1_59' title='bbox 1753 503 1782 525; x_wconf 90' lang='lat' dir='ltr'>v.</span> 
     </span>
    </p>
   </div>
   <div class='ocr_carea' id='block_1_5' title="bbox 85 525 1838 577">
    <p class='ocr_par' dir='ltr' id='par_1_6' title="bbox 85 525 1838 577">
     <span class='ocr_line' id='line_1_8' title="bbox 85 525 1838 577; baseline 0.006 -14"><span class='ocrx_word' id='word_1_60' title='bbox 85 525 394 569; x_wconf 78' lang='lat' dir='ltr'>adscendentibus,</span> <span class='ocrx_word' id='word_1_61' title='bbox 434 525 527 561; x_wconf 88' lang='lat' dir='ltr'>foliis</span> <span class='ocrx_word' id='word_1_62' title='bbox 560 527 708 571; x_wconf 88' lang='lat' dir='ltr'>crassis,</span> <span class='ocrx_word' id='word_1_63' title='bbox 751 528 974 565; x_wconf 85' lang='lat' dir='ltr'>inferioribus</span> <span class='ocrx_word' id='word_1_64' title='bbox 1005 531 1175 575; x_wconf 89' lang='lat' dir='ltr'>oppositis</span> <span class='ocrx_word' id='word_1_65' title='bbox 1199 532 1441 577; x_wconf 83' lang='lat' dir='ltr'>superioribus</span> <span class='ocrx_word' id='word_1_66' title='bbox 1467 535 1631 576; x_wconf 80' lang='lat' dir='ltr'>alternis,</span> <span class='ocrx_word' id='word_1_67' title='bbox 1668 542 1782 572; x_wconf 88' lang='lat' dir='ltr'>ovato·</span> <span class='ocrx_word' id='word_1_68' title='bbox 1829 538 1838 553; x_wconf 81' lang='lat'><strong><em>⁴</em></strong></span> 
     </span>
    </p>
   </div>
   <div class='ocr_carea' id='block_1_6' title="bbox 83 573 1783 1095">
    <p class='ocr_par' dir='ltr' id='par_1_7' title="bbox 83 573 1783 1095">
     <span class='ocr_line' id='line_1_9' title="bbox 86 573 1782 629; baseline 0.005 -19"><span class='ocrx_word' id='word_1_69' title='bbox 86 574 239 610; x_wconf 83' lang='lat' dir='ltr'>cordatis</span> <span class='ocrx_word' id='word_1_70' title='bbox 263 585 292 607; x_wconf 92' lang='lat' dir='ltr'>v.</span> <span class='ocrx_word' id='word_1_71' title='bbox 318 573 548 619; x_wconf 87' lang='lat' dir='ltr'>subhastatis,</span> <span class='ocrx_word' id='word_1_72' title='bbox 575 575 821 619; x_wconf 80' lang='lat' dir='ltr'>obtusissimis,</span> <span class='ocrx_word' id='word_1_73' title='bbox 847 576 1005 612; x_wconf 90' lang='lat' dir='ltr'>obsolete</span> <span class='ocrx_word' id='word_1_74' title='bbox 1030 578 1341 615; x_wconf 86' lang='lat' dir='ltr'>sinuato-dentatis</span> <span class='ocrx_word' id='word_1_75' title='bbox 1366 593 1395 615; x_wconf 94' lang='lat' dir='ltr'>v.</span> <span class='ocrx_word' id='word_1_76' title='bbox 1420 581 1671 628; x_wconf 81' lang='lat' dir='ltr'>integerrimis,</span> <span class='ocrx_word' id='word_1_77' title='bbox 1698 584 1782 629; x_wconf 89' lang='lat' dir='ltr'>lepi-</span> 
     </span>
     <span class='ocr_line' id='line_1_10' title="bbox 85 620 1782 673; baseline 0.005 -16"><span class='ocrx_word' id='word_1_78' title='bbox 85 620 332 663; x_wconf 79' lang='lat' dir='ltr'>doto-incanis3</span> <span class='ocrx_word' id='word_1_79' title='bbox 376 620 473 665; x_wconf 89' lang='lat' dir='ltr'>spica</span> <span class='ocrx_word' id='word_1_80' title='bbox 512 622 689 656; x_wconf 89' lang='lat' dir='ltr'>terminali</span> <span class='ocrx_word' id='word_1_81' title='bbox 726 622 902 666; x_wconf 88' lang='lat' dir='ltr'>spicisque</span> <span class='ocrx_word' id='word_1_82' title='bbox 938 623 1146 661; x_wconf 79' lang='lat' dir='ltr'>lateralibus</span> <span class='ocrx_word' id='word_1_83' title='bbox 1184 626 1402 673; x_wconf 85' lang='lat' dir='ltr'>densifloris,</span> <span class='ocrx_word' id='word_1_84' title='bbox 1439 629 1592 664; x_wconf 83' lang='lat' dir='ltr'>bracteis</span> <span class='ocrx_word' id='word_1_85' title='bbox 1627 630 1700 665; x_wconf 89' lang='lat' dir='ltr'>fere</span> <span class='ocrx_word' id='word_1_86' title='bbox 1738 631 1782 666; x_wconf 84' lang='lat' dir='ltr'>ad</span> 
     </span>
     <span class='ocr_line' id='line_1_11' title="bbox 83 668 1782 718; baseline 0.005 -14"><span class='ocrx_word' id='word_1_87' title='bbox 83 669 187 704; x_wconf 88' lang='lat' dir='ltr'>basin</span> <span class='ocrx_word' id='word_1_88' title='bbox 225 677 336 711; x_wconf 91' lang='lat' dir='ltr'>usque</span> <span class='ocrx_word' id='word_1_89' title='bbox 378 668 570 712; x_wconf 87' lang='lat' dir='ltr'>separatis,</span> <span class='ocrx_word' id='word_1_90' title='bbox 619 669 1108 717; x_wconf 85' lang='lat' dir='ltr'>triangulari-reniformibus,</span> <span class='ocrx_word' id='word_1_91' title='bbox 1159 674 1257 718; x_wconf 88' lang='lat' dir='ltr'>apice</span> <span class='ocrx_word' id='word_1_92' title='bbox 1299 679 1333 710; x_wconf 84' lang='lat' dir='ltr'>et</span> <span class='ocrx_word' id='word_1_93' title='bbox 1374 675 1539 711; x_wconf 82' lang='lat' dir='ltr'>auriculis</span> <span class='ocrx_word' id='word_1_94' title='bbox 1579 676 1782 714; x_wconf 80' lang='lat' dir='ltr'>lateralibus</span> 
     </span>
     <span class='ocr_line' id='line_1_12' title="bbox 85 714 1783 768; baseline 0.005 -17"><span class='ocrx_word' id='word_1_95' title='bbox 85 714 334 759; x_wconf 78' lang='lat' dir='ltr'>obtusissimis,</span> <span class='ocrx_word' id='word_1_96' title='bbox 371 714 473 749; x_wconf 92' lang='lat' dir='ltr'>dorso</span> <span class='ocrx_word' id='word_1_97' title='bbox 497 715 704 760; x_wconf 88' lang='lat' dir='ltr'>plerumque</span> <span class='ocrx_word' id='word_1_98' title='bbox 728 717 977 762; x_wconf 88' lang='lat' dir='ltr'>tuberculatis;</span> <span class='ocrx_word' id='word_1_99' title='bbox 1015 720 1145 754; x_wconf 89' lang='lat' dir='ltr'>semine</span> <span class='ocrx_word' id='word_1_100' title='bbox 1169 722 1320 765; x_wconf 78' lang='lat' dir='ltr'>minuto,</span> <span class='ocrx_word' id='word_1_101' title='bbox 1355 721 1475 759; x_wconf 86' lang='lat' dir='ltr'>nitido.</span> <span class='ocrx_word' id='word_1_102' title='bbox 1525 723 1667 768; x_wconf 78' lang='lat' dir='ltr'>Species</span> <span class='ocrx_word' id='word_1_103' title='bbox 1690 725 1783 760; x_wconf 88' lang='lat' dir='ltr'>inter</span> 
     </span>
     <span class='ocr_line' id='line_1_13' title="bbox 84 762 1101 807; baseline 0.002 -9"><span class='ocrx_word' id='word_1_104' title='bbox 84 764 127 798; x_wconf 94' lang='lat' dir='ltr'>A.</span> <span class='ocrx_word' id='word_1_105' title='bbox 159 763 392 797; x_wconf 86' lang='lat' dir='ltr'>hastatam</span> <span class='ocrx_word' id='word_1_106' title='bbox 432 767 467 796; x_wconf 88' lang='lat' dir='ltr'>et</span> <span class='ocrx_word' id='word_1_107' title='bbox 500 763 542 797; x_wconf 93' lang='lat' dir='ltr'>A.</span> <span class='ocrx_word' id='word_1_108' title='bbox 568 762 859 807; x_wconf 84' lang='lat' dir='ltr'>Babingtonii</span> <span class='ocrx_word' id='word_1_109' title='bbox 884 764 1101 801; x_wconf 86' lang='lat' dir='ltr'>collocanda.</span> 
     </span>
     <span class='ocr_line' id='line_1_14' title="bbox 182 808 1781 890; baseline 0.008 -48"><span class='ocrx_word' id='word_1_110' title='bbox 182 809 242 890; x_wconf 61' lang='lat' dir='ltr'>HL</span> <span class='ocrx_word' id='word_1_111' title='bbox 263 808 350 843; x_wconf 90' lang='lat' dir='ltr'>locis</span> <span class='ocrx_word' id='word_1_112' title='bbox 391 809 609 845; x_wconf 88' lang='lat' dir='ltr'>subhumidis</span> <span class='ocrx_word' id='word_1_113' title='bbox 649 810 694 845; x_wconf 88' lang='lat' dir='ltr'>ad</span> <span class='ocrx_word' id='word_1_114' title='bbox 735 810 770 845; x_wconf 91' lang='lat' dir='ltr'>fl.</span> <span class='ocrx_word' id='word_1_115' title='bbox 811 811 1047 849; x_wconf 87' lang='lat' dir='ltr'>Manzanares</span> <span class='ocrx_word' id='word_1_116' title='bbox 1086 825 1138 859; x_wconf 91' lang='lat' dir='ltr'>pr.</span> <span class='ocrx_word' id='word_1_117' title='bbox 1177 813 1370 851; x_wconf 86' lang='lat' dir='ltr'>Madritum</span> <span class='ocrx_word' id='word_1_118' title='bbox 1419 815 1450 851; x_wconf 90' lang='lat' dir='ltr'>d.</span> <span class='ocrx_word' id='word_1_119' title='bbox 1492 818 1547 853; x_wconf 85' lang='lat'>25.</span> <span class='ocrx_word' id='word_1_120' title='bbox 1591 817 1712 853; x_wconf 90' lang='lat' dir='ltr'>Octob.</span> <span class='ocrx_word' id='word_1_121' title='bbox 1754 830 1781 854; x_wconf 92' lang='lat' dir='ltr'>c.</span> 
     </span>
     <span class='ocr_line' id='line_1_15' title="bbox 84 857 310 893; baseline -0.013 -1"><span class='ocrx_word' id='word_1_122' title='bbox 84 857 186 893; x_wconf 83' lang='lat' dir='ltr'>fruct.</span> <span class='ocrx_word' id='word_1_123' title='bbox 246 862 310 890; x_wconf 86' lang='lat' dir='ltr'>GE.</span> 
     </span>
     <span class='ocr_line' id='line_1_16' title="bbox 176 903 921 944; baseline -0.001 -5"><span class='ocrx_word' id='word_1_124' title='bbox 176 903 234 939; x_wconf 88' lang='lat' dir='ltr'>Ad</span> <span class='ocrx_word' id='word_1_125' title='bbox 257 915 291 938; x_wconf 90' lang='lat' dir='ltr'>n.</span> <span class='ocrx_word' id='word_1_126' title='bbox 319 903 419 937; x_wconf 82' lang='grc'>1064.</span> <span class='ocrx_word' id='word_1_127' title='bbox 468 906 517 937; x_wconf 90' lang='lat' dir='ltr'>A.</span> <span class='ocrx_word' id='word_1_128' title='bbox 543 905 689 944; x_wconf 84' lang='lat' dir='ltr'>patula</span> <span class='ocrx_word' id='word_1_129' title='bbox 713 903 754 938; x_wconf 90' lang='lat' dir='ltr'>L.</span> <span class='ocrx_word' id='word_1_130' title='bbox 802 903 921 938; x_wconf 89' lang='lat' dir='ltr'>Adde:</span> 
     </span>
     <span class='ocr_line' id='line_1_17' title="bbox 232 950 1782 1003; baseline 0.007 -20"><span class='ocrx_word' id='word_1_131' title='bbox 232 950 264 985; x_wconf 85' lang='grc' dir='ltr'>ὁ.</span> <span class='ocrx_word' id='word_1_132' title='bbox 290 961 345 984; x_wconf 91' lang='lat' dir='ltr'>an</span> <span class='ocrx_word' id='word_1_133' title='bbox 355 950 501 993; x_wconf 80' lang='lat' dir='ltr'>gustis</span> <span class='ocrx_word' id='word_1_134' title='bbox 509 951 604 985; x_wconf 90' lang='lat' dir='ltr'>olia.</span> <span class='ocrx_word' id='word_1_135' title='bbox 652 951 767 995; x_wconf 87' lang='lat' dir='ltr'>Prope</span> <span class='ocrx_word' id='word_1_136' title='bbox 792 951 1033 999; x_wconf 84' lang='lat' dir='ltr'>Portugalete,</span> <span class='ocrx_word' id='word_1_137' title='bbox 1058 953 1266 1000; x_wconf 86' lang='lat' dir='ltr'>Santander,</span> <span class='ocrx_word' id='word_1_138' title='bbox 1292 955 1503 1001; x_wconf 87' lang='lat' dir='ltr'>Encinillas,</span> <span class='ocrx_word' id='word_1_139' title='bbox 1529 957 1638 1003; x_wconf 82' lang='lat' dir='ltr'>LGE.,</span> <span class='ocrx_word' id='word_1_140' title='bbox 1663 958 1782 994; x_wconf 92' lang='lat' dir='ltr'>Alme-</span> 
     </span>
     <span class='ocr_line' id='line_1_18' title="bbox 296 996 1015 1041; baseline 0.004 -10"><span class='ocrx_word' id='word_1_141' title='bbox 296 997 369 1041; x_wconf 87' lang='lat' dir='ltr'>ria,</span> <span class='ocrx_word' id='word_1_142' title='bbox 395 996 461 1031; x_wconf 75' lang='lat' dir='ltr'>Hs,</span> <span class='ocrx_word' id='word_1_143' title='bbox 486 998 521 1031; x_wconf 89' lang='lat' dir='ltr'>in</span> <span class='ocrx_word' id='word_1_144' title='bbox 545 998 605 1032; x_wconf 88' lang='lat' dir='ltr'>hb.</span> <span class='ocrx_word' id='word_1_145' title='bbox 631 998 822 1032; x_wconf 79' lang='lat' dir='ltr'>AGARDH.</span> <span class='ocrx_word' id='word_1_146' title='bbox 849 1009 892 1033; x_wconf 81' lang='lat' dir='ltr'>ex</span> <span class='ocrx_word' id='word_1_147' title='bbox 917 998 1015 1034; x_wconf 76' lang='lat' dir='ltr'>LGE.</span> 
     </span>
     <span class='ocr_line' id='line_1_19' title="bbox 239 1044 1648 1095; baseline 0.006 -17"><span class='ocrx_word' id='word_1_148' title='bbox 239 1055 266 1079; x_wconf 82' lang='grc' dir='ltr'>ε.</span> <span class='ocrx_word' id='word_1_149' title='bbox 300 1049 450 1079; x_wconf 87' lang='lat' dir='ltr'>erecta</span> <span class='ocrx_word' id='word_1_150' title='bbox 474 1045 530 1084; x_wconf 90' lang='lat' dir='ltr'>(A.</span> <span class='ocrx_word' id='word_1_151' title='bbox 557 1049 676 1080; x_wconf 88' lang='lat' dir='ltr'>erecta</span> <span class='ocrx_word' id='word_1_152' title='bbox 700 1044 850 1089; x_wconf 80' lang='lat' dir='ltr'>HUDS.).</span> <span class='ocrx_word' id='word_1_153' title='bbox 900 1046 957 1080; x_wconf 89' lang='lat' dir='ltr'>Ad</span> <span class='ocrx_word' id='word_1_154' title='bbox 981 1046 1016 1082; x_wconf 84' lang='lat' dir='ltr'>fi.</span> <span class='ocrx_word' id='word_1_155' title='bbox 1042 1047 1278 1084; x_wconf 84' lang='lat' dir='ltr'>Manzanares</span> <span class='ocrx_word' id='word_1_156' title='bbox 1303 1061 1355 1095; x_wconf 90' lang='lat' dir='ltr'>pr.</span> <span class='ocrx_word' id='word_1_157' title='bbox 1380 1049 1525 1087; x_wconf 83' lang='lat' dir='ltr'>Madrit.</span> <span class='ocrx_word' id='word_1_158' title='bbox 1550 1051 1648 1087; x_wconf 84' lang='lat' dir='ltr'>LGE.</span> 
     </span>
    </p>
   </div>
   <div class='ocr_carea' id='block_1_7' title="bbox 176 1101 1527 1154">
    <p class='ocr_par' dir='ltr' id='par_1_8' title="bbox 176 1101 1527 1154">
     <span class='ocr_line' id='line_1_20' title="bbox 176 1101 1527 1154; baseline 0.006 -18"><span class='ocrx_word' id='word_1_159' title='bbox 176 1101 233 1136; x_wconf 88' lang='lat' dir='ltr'>Ad</span> <span class='ocrx_word' id='word_1_160' title='bbox 257 1113 290 1136; x_wconf 86' lang='lat' dir='ltr'>n.</span> <span class='ocrx_word' id='word_1_161' title='bbox 318 1102 418 1136; x_wconf 88' lang='lat'>1065.</span> <span class='ocrx_word' id='word_1_162' title='bbox 467 1104 515 1136; x_wconf 98' lang='lat' dir='ltr'>A.</span> <span class='ocrx_word' id='word_1_163' title='bbox 542 1104 743 1137; x_wconf 81' lang='lat' dir='ltr'>littoralis</span> <span class='ocrx_word' id='word_1_164' title='bbox 768 1102 809 1137; x_wconf 92' lang='lat' dir='ltr'>L.</span> <span class='ocrx_word' id='word_1_165' title='bbox 837 1102 877 1137; x_wconf 93' lang='lat' dir='ltr'>In</span> <span class='ocrx_word' id='word_1_166' title='bbox 902 1104 1077 1140; x_wconf 87' lang='lat' dir='ltr'>ruderatis</span> <span class='ocrx_word' id='word_1_167' title='bbox 1103 1117 1131 1140; x_wconf 89' lang='lat' dir='ltr'>c.</span> <span class='ocrx_word' id='word_1_168' title='bbox 1157 1107 1233 1141; x_wconf 81' lang='lat' dir='ltr'>urb.</span> <span class='ocrx_word' id='word_1_169' title='bbox 1258 1107 1404 1154; x_wconf 81' lang='lat' dir='ltr'>Burgos,</span> <span class='ocrx_word' id='word_1_170' title='bbox 1429 1109 1527 1144; x_wconf 84' lang='lat' dir='ltr'>LGE.</span> 
     </span>
    </p>
   </div>
   <div class='ocr_carea' id='block_1_8' title="bbox 83 1160 1780 1253">
    <p class='ocr_par' dir='ltr' id='par_1_9' title="bbox 83 1160 1780 1253">
     <span class='ocr_line' id='line_1_21' title="bbox 176 1160 1780 1210; baseline 0.006 -16"><span class='ocrx_word' id='word_1_171' title='bbox 176 1160 232 1195; x_wconf 91' lang='lat' dir='ltr'>Ad</span> <span class='ocrx_word' id='word_1_172' title='bbox 256 1172 289 1195; x_wconf 90' lang='lat' dir='ltr'>n.</span> <span class='ocrx_word' id='word_1_173' title='bbox 317 1161 418 1195; x_wconf 89' lang='lat'>1067.</span> <span class='ocrx_word' id='word_1_174' title='bbox 467 1162 628 1195; x_wconf 87' lang='lat' dir='ltr'>Blitum</span> <span class='ocrx_word' id='word_1_175' title='bbox 653 1164 866 1203; x_wconf 83' lang='lat' dir='ltr'>virgatum</span> <span class='ocrx_word' id='word_1_176' title='bbox 892 1164 928 1205; x_wconf 67' lang='grc' dir='ltr'>β.</span> <span class='ocrx_word' id='word_1_177' title='bbox 954 1164 1101 1200; x_wconf 88' lang='lat' dir='ltr'>minus</span> <span class='ocrx_word' id='word_1_178' title='bbox 1134 1165 1262 1200; x_wconf 78' lang='lat' dir='ltr'>VAffl..</span> <span class='ocrx_word' id='word_1_179' title='bbox 1312 1166 1414 1203; x_wconf 87' lang='lat' dir='ltr'>Circa</span> <span class='ocrx_word' id='word_1_180' title='bbox 1449 1167 1710 1210; x_wconf 80' lang='lat' dir='ltr'>Guadarrama,</span> <span class='ocrx_word' id='word_1_181' title='bbox 1748 1169 1780 1203; x_wconf 86' lang='lat' dir='ltr'>el</span> 
     </span>
     <span class='ocr_line' id='line_1_22' title="bbox 83 1207 395 1253; baseline -0.003 -10"><span class='ocrx_word' id='word_1_182' title='bbox 83 1207 268 1253; x_wconf 89' lang='lat' dir='ltr'>Escorial,</span> <span class='ocrx_word' id='word_1_183' title='bbox 297 1207 395 1242; x_wconf 85' lang='lat' dir='ltr'>LGE.</span> 
     </span>
    </p>
   </div>
   <div class='ocr_carea' id='block_1_9' title="bbox 81 1265 1780 1349">
    <p class='ocr_par' dir='ltr' id='par_1_10' title="bbox 81 1265 1780 1349">
     <span class='ocr_line' id='line_1_23' title="bbox 149 1265 1780 1348; baseline 0.006 -50"><span class='ocrx_word' id='word_1_184' title='bbox 149 1266 238 1348; x_wconf 50' lang='lat' dir='ltr'>LAcliss</span> <span class='ocrx_word' id='word_1_185' title='bbox 256 1277 288 1300; x_wconf 89' lang='lat' dir='ltr'>n.</span> <span class='ocrx_word' id='word_1_186' title='bbox 327 1265 428 1300; x_wconf 85' lang='lat'>1068.</span> <span class='ocrx_word' id='word_1_187' title='bbox 477 1267 539 1300; x_wconf 91' lang='lat' dir='ltr'>Bl.</span> <span class='ocrx_word' id='word_1_188' title='bbox 581 1268 816 1308; x_wconf 78' lang='lat' dir='ltr'>capitatum</span> <span class='ocrx_word' id='word_1_189' title='bbox 857 1266 898 1302; x_wconf 88' lang='lat' dir='ltr'>L.</span> <span class='ocrx_word' id='word_1_190' title='bbox 947 1268 990 1302; x_wconf 90' lang='lat' dir='ltr'>In</span> <span class='ocrx_word' id='word_1_191' title='bbox 1027 1268 1174 1304; x_wconf 80' lang='lat' dir='ltr'>Baetica</span> <span class='ocrx_word' id='word_1_192' title='bbox 1215 1270 1336 1306; x_wconf 82' lang='lat' dir='ltr'>CABR.</span> <span class='ocrx_word' id='word_1_193' title='bbox 1378 1272 1414 1306; x_wconf 93' lang='lat' dir='ltr'>in</span> <span class='ocrx_word' id='word_1_194' title='bbox 1454 1273 1552 1308; x_wconf 89' lang='lat' dir='ltr'>herb.</span> <span class='ocrx_word' id='word_1_195' title='bbox 1590 1273 1780 1308; x_wconf 74' lang='lat' dir='ltr'>AGARDH.</span> 
     </span>
     <span class='ocr_line' id='line_1_24' title="bbox 81 1320 248 1349; baseline -0.012 0"><span class='ocrx_word' id='word_1_196' title='bbox 81 1325 126 1349; x_wconf 84' lang='lat' dir='ltr'>ex</span> <span class='ocrx_word' id='word_1_197' title='bbox 183 1320 210 1348; x_wconf 79' lang='lat' dir='ltr'><strong>G</strong></span> <span class='ocrx_word' id='word_1_198' title='bbox 242 1341 248 1347; x_wconf 93' lang='lat'>.</span> 
     </span>
    </p>
   </div>
   <div class='ocr_carea' id='block_1_10' title="bbox 81 1371 1780 1465">
    <p class='ocr_par' dir='ltr' id='par_1_11' title="bbox 81 1371 1780 1465">
     <span class='ocr_line' id='line_1_25' title="bbox 171 1371 1780 1424; baseline 0.004 -18"><span class='ocrx_word' id='word_1_199' title='bbox 171 1371 230 1406; x_wconf 87' lang='lat' dir='ltr'>Ad</span> <span class='ocrx_word' id='word_1_200' title='bbox 252 1382 285 1406; x_wconf 91' lang='lat' dir='ltr'>n.</span> <span class='ocrx_word' id='word_1_201' title='bbox 314 1372 415 1405; x_wconf 88' lang='grc'><strong>1070.</strong></span> <span class='ocrx_word' id='word_1_202' title='bbox 466 1372 785 1413; x_wconf 77' lang='lat' dir='ltr'>chenopodium</span> <span class='ocrx_word' id='word_1_203' title='bbox 810 1374 966 1414; x_wconf 77' lang='lat' dir='ltr'>Botrys</span> <span class='ocrx_word' id='word_1_204' title='bbox 1001 1373 1041 1409; x_wconf 91' lang='lat' dir='ltr'>L.</span> <span class='ocrx_word' id='word_1_205' title='bbox 1090 1375 1149 1409; x_wconf 90' lang='lat' dir='ltr'>Pr.</span> <span class='ocrx_word' id='word_1_206' title='bbox 1176 1375 1396 1422; x_wconf 84' lang='lat' dir='ltr'>Valladolid,</span> <span class='ocrx_word' id='word_1_207' title='bbox 1433 1377 1646 1424; x_wconf 89' lang='lat' dir='ltr'>Benavente,</span> <span class='ocrx_word' id='word_1_208' title='bbox 1670 1377 1780 1423; x_wconf 85' lang='lat' dir='ltr'>LGE.,</span> 
     </span>
     <span class='ocr_line' id='line_1_26' title="bbox 81 1417 979 1465; baseline 0 -11"><span class='ocrx_word' id='word_1_209' title='bbox 81 1432 110 1455; x_wconf 87' lang='lat' dir='ltr'>c.</span> <span class='ocrx_word' id='word_1_210' title='bbox 136 1418 275 1465; x_wconf 81' lang='lat' dir='ltr'>Gades,</span> <span class='ocrx_word' id='word_1_211' title='bbox 301 1417 425 1453; x_wconf 82' lang='lat' dir='ltr'>OABR.</span> <span class='ocrx_word' id='word_1_212' title='bbox 451 1418 487 1453; x_wconf 86' lang='lat' dir='ltr'>in</span> <span class='ocrx_word' id='word_1_213' title='bbox 511 1418 569 1452; x_wconf 89' lang='lat' dir='ltr'>hb.</span> <span class='ocrx_word' id='word_1_214' title='bbox 595 1417 786 1453; x_wconf 80' lang='lat' dir='ltr'>AGARDH.</span> <span class='ocrx_word' id='word_1_215' title='bbox 813 1430 856 1454; x_wconf 81' lang='lat' dir='ltr'>ex</span> <span class='ocrx_word' id='word_1_216' title='bbox 880 1420 979 1454; x_wconf 81' lang='lat' dir='ltr'>LGE.</span> 
     </span>
    </p>
   </div>
   <div class='ocr_carea' id='block_1_11' title="bbox 174 1477 1781 1653">
    <p class='ocr_par' dir='ltr' id='par_1_12' title="bbox 174 1477 1781 1653">
     <span class='ocr_line' id='line_1_27' title="bbox 174 1477 1085 1514; baseline -0.001 0"><span class='ocrx_word' id='word_1_217' title='bbox 174 1477 231 1514; x_wconf 82' lang='lat' dir='ltr'>Ad</span> <span class='ocrx_word' id='word_1_218' title='bbox 256 1488 289 1512; x_wconf 92' lang='lat' dir='ltr'>n.</span> <span class='ocrx_word' id='word_1_219' title='bbox 319 1477 420 1510; x_wconf 87' lang='lat'>1071.</span> <span class='ocrx_word' id='word_1_220' title='bbox 472 1478 544 1510; x_wconf 88' lang='lat' dir='ltr'>Ch.</span> <span class='ocrx_word' id='word_1_221' title='bbox 570 1478 874 1511; x_wconf 81' lang='lat' dir='ltr'>ambrosioides</span> <span class='ocrx_word' id='word_1_222' title='bbox 899 1477 941 1512; x_wconf 89' lang='lat' dir='ltr'>L.</span> <span class='ocrx_word' id='word_1_223' title='bbox 967 1478 1085 1513; x_wconf 86' lang='lat' dir='ltr'>Adde:</span> 
     </span>
     <span class='ocr_line' id='line_1_28' title="bbox 236 1523 1781 1575; baseline 0.005 -17"><span class='ocrx_word' id='word_1_224' title='bbox 236 1535 262 1560; x_wconf 86' lang='grc' dir='ltr'>ε.</span> <span class='ocrx_word' id='word_1_225' title='bbox 297 1523 642 1567; x_wconf 87' lang='lat' dir='ltr'>angustifolium</span> <span class='ocrx_word' id='word_1_226' title='bbox 666 1523 803 1564; x_wconf 78' lang='lat' dir='ltr'>MOQU.</span> <span class='ocrx_word' id='word_1_227' title='bbox 830 1524 883 1570; x_wconf 89' lang='lat' dir='ltr'>T.,</span> <span class='ocrx_word' id='word_1_228' title='bbox 918 1524 1011 1560; x_wconf 81' lang='lat' dir='ltr'>foliis</span> <span class='ocrx_word' id='word_1_229' title='bbox 1044 1530 1191 1569; x_wconf 86' lang='lat' dir='ltr'>anguste</span> <span class='ocrx_word' id='word_1_230' title='bbox 1219 1527 1428 1571; x_wconf 84' lang='lat' dir='ltr'>linearibus,</span> <span class='ocrx_word' id='word_1_231' title='bbox 1468 1530 1781 1575; x_wconf 86' lang='lat' dir='ltr'>subintegerrimis,</span> 
     </span>
     <span class='ocr_line' id='line_1_29' title="bbox 288 1570 1781 1622; baseline 0.007 -18"><span class='ocrx_word' id='word_1_232' title='bbox 288 1570 491 1614; x_wconf 86' lang='lat' dir='ltr'>glomerulis</span> <span class='ocrx_word' id='word_1_233' title='bbox 523 1570 665 1605; x_wconf 89' lang='lat' dir='ltr'>minutis</span> <span class='ocrx_word' id='word_1_234' title='bbox 690 1572 846 1607; x_wconf 90' lang='lat' dir='ltr'>remotis.</span> <span class='ocrx_word' id='word_1_235' title='bbox 872 1592 916 1597; x_wconf 92' lang='lat'>—-</span> <span class='ocrx_word' id='word_1_236' title='bbox 943 1572 985 1607; x_wconf 92' lang='lat' dir='ltr'>In</span> <span class='ocrx_word' id='word_1_237' title='bbox 1009 1572 1084 1608; x_wconf 89' lang='lat' dir='ltr'>loco</span> <span class='ocrx_word' id='word_1_238' title='bbox 1109 1584 1178 1608; x_wconf 90' lang='lat' dir='ltr'>non</span> <span class='ocrx_word' id='word_1_239' title='bbox 1201 1573 1352 1611; x_wconf 87' lang='lat' dir='ltr'>indicato</span> <span class='ocrx_word' id='word_1_240' title='bbox 1377 1575 1559 1622; x_wconf 87' lang='lat' dir='ltr'>Baeticae,</span> <span class='ocrx_word' id='word_1_241' title='bbox 1598 1577 1719 1613; x_wconf 85' lang='lat' dir='ltr'>CABR.</span> <span class='ocrx_word' id='word_1_242' title='bbox 1744 1579 1781 1616; x_wconf 86' lang='lat' dir='ltr'>in</span> 
     </span>
     <span class='ocr_line' id='line_1_30' title="bbox 290 1617 759 1653; baseline 0.002 -1"><span class='ocrx_word' id='word_1_243' title='bbox 290 1618 349 1653; x_wconf 89' lang='lat' dir='ltr'>hb.</span> <span class='ocrx_word' id='word_1_244' title='bbox 375 1619 566 1653; x_wconf 80' lang='lat' dir='ltr'>AGARDH.</span> <span class='ocrx_word' id='word_1_245' title='bbox 593 1628 636 1652; x_wconf 83' lang='lat' dir='ltr'>ex</span> <span class='ocrx_word' id='word_1_246' title='bbox 660 1617 759 1653; x_wconf 83' lang='lat' dir='ltr'>LGE.</span> 
     </span>
    </p>
   </div>
   <div class='ocr_carea' id='block_1_12' title="bbox 172 1676 1246 1723">
    <p class='ocr_par' dir='ltr' id='par_1_13' title="bbox 172 1676 1246 1723">
     <span class='ocr_line' id='line_1_31' title="bbox 172 1676 1246 1723; baseline 0.001 -11"><span class='ocrx_word' id='word_1_247' title='bbox 172 1676 227 1712; x_wconf 72' lang='lat' dir='ltr'>Au</span> <span class='ocrx_word' id='word_1_248' title='bbox 253 1688 286 1712; x_wconf 89' lang='lat' dir='ltr'>n.</span> <span class='ocrx_word' id='word_1_249' title='bbox 315 1678 416 1711; x_wconf 90' lang='lat'>1077.</span> <span class='ocrx_word' id='word_1_250' title='bbox 467 1679 540 1712; x_wconf 90' lang='lat' dir='ltr'>Ch.</span> <span class='ocrx_word' id='word_1_251' title='bbox 565 1678 741 1711; x_wconf 89' lang='lat' dir='ltr'>rubrum</span> <span class='ocrx_word' id='word_1_252' title='bbox 766 1677 807 1712; x_wconf 91' lang='lat' dir='ltr'>L.</span> <span class='ocrx_word' id='word_1_253' title='bbox 833 1677 950 1722; x_wconf 88' lang='lat' dir='ltr'>Prope</span> <span class='ocrx_word' id='word_1_254' title='bbox 974 1677 1122 1723; x_wconf 86' lang='lat' dir='ltr'>Burgos,</span> <span class='ocrx_word' id='word_1_255' title='bbox 1147 1677 1246 1713; x_wconf 83' lang='lat' dir='ltr'>LGE.</span> 
     </span>
    </p>
   </div>
   <div class='ocr_carea' id='block_1_13' title="bbox 172 1735 1778 1878">
    <p class='ocr_par' dir='ltr' id='par_1_14' title="bbox 172 1735 1778 1878">
     <span class='ocr_line' id='line_1_32' title="bbox 172 1735 936 1771; baseline 0 -1"><span class='ocrx_word' id='word_1_256' title='bbox 172 1735 228 1770; x_wconf 63' lang='lat' dir='ltr'>Al</span> <span class='ocrx_word' id='word_1_257' title='bbox 252 1746 284 1770; x_wconf 93' lang='lat' dir='ltr'>n.</span> <span class='ocrx_word' id='word_1_258' title='bbox 313 1736 414 1770; x_wconf 84' lang='lat'>1078.</span> <span class='ocrx_word' id='word_1_259' title='bbox 463 1737 537 1770; x_wconf 85' lang='lat' dir='ltr'>Ch.</span> <span class='ocrx_word' id='word_1_260' title='bbox 562 1738 723 1771; x_wconf 86' lang='lat' dir='ltr'>murale</span> <span class='ocrx_word' id='word_1_261' title='bbox 749 1736 790 1771; x_wconf 90' lang='lat' dir='ltr'>L.</span> <span class='ocrx_word' id='word_1_262' title='bbox 816 1735 936 1771; x_wconf 87' lang='lat' dir='ltr'>Adde:</span> 
     </span>
     <span class='ocr_line' id='line_1_33' title="bbox 228 1781 1778 1833; baseline 0.005 -17"><span class='ocrx_word' id='word_1_263' title='bbox 228 1781 266 1825; x_wconf 86' lang='grc' dir='ltr'>β.</span> <span class='ocrx_word' id='word_1_264' title='bbox 292 1783 535 1819; x_wconf 86' lang='lat' dir='ltr'>albescens</span> <span class='ocrx_word' id='word_1_265' title='bbox 560 1783 696 1823; x_wconf 80' lang='lat' dir='ltr'>MOQU.</span> <span class='ocrx_word' id='word_1_266' title='bbox 724 1783 764 1818; x_wconf 92' lang='lat' dir='ltr'>T.</span> <span class='ocrx_word' id='word_1_267' title='bbox 815 1783 944 1818; x_wconf 89' lang='lat' dir='ltr'>Totum</span> <span class='ocrx_word' id='word_1_268' title='bbox 969 1783 1069 1818; x_wconf 89' lang='lat' dir='ltr'>valde</span> <span class='ocrx_word' id='word_1_269' title='bbox 1094 1783 1305 1830; x_wconf 87' lang='lat' dir='ltr'>farinosum,</span> <span class='ocrx_word' id='word_1_270' title='bbox 1341 1785 1587 1833; x_wconf 87' lang='lat' dir='ltr'>subincanum,</span> <span class='ocrx_word' id='word_1_271' title='bbox 1624 1787 1718 1823; x_wconf 81' lang='lat' dir='ltr'>foliis</span> <span class='ocrx_word' id='word_1_272' title='bbox 1743 1793 1778 1824; x_wconf 89' lang='lat' dir='ltr'>et</span> 
     </span>
     <span class='ocr_line' id='line_1_34' title="bbox 288 1830 1467 1878; baseline 0.003 -14"><span class='ocrx_word' id='word_1_273' title='bbox 288 1830 438 1865; x_wconf 87' lang='lat' dir='ltr'>racemis</span> <span class='ocrx_word' id='word_1_274' title='bbox 463 1830 773 1866; x_wconf 88' lang='lat' dir='ltr'>conformibus.—</span> <span class='ocrx_word' id='word_1_275' title='bbox 805 1830 866 1865; x_wconf 91' lang='lat' dir='ltr'>Pr.</span> <span class='ocrx_word' id='word_1_276' title='bbox 893 1830 1065 1866; x_wconf 85' lang='lat' dir='ltr'>Granada</span> <span class='ocrx_word' id='word_1_277' title='bbox 1086 1831 1124 1866; x_wconf 93' lang='lat' dir='ltr'>in</span> <span class='ocrx_word' id='word_1_278' title='bbox 1148 1832 1342 1878; x_wconf 87' lang='lat' dir='ltr'>ruderatis,</span> <span class='ocrx_word' id='word_1_279' title='bbox 1369 1831 1467 1868; x_wconf 83' lang='lat' dir='ltr'>LGE.</span> 
     </span>
    </p>
   </div>
   <div class='ocr_carea' id='block_1_14' title="bbox 76 1887 1777 1983">
    <p class='ocr_par' dir='ltr' id='par_1_15' title="bbox 76 1887 1777 1983">
     <span class='ocr_line' id='line_1_35' title="bbox 170 1887 1777 1938; baseline 0.003 -16"><span class='ocrx_word' id='word_1_280' title='bbox 170 1887 228 1923; x_wconf 88' lang='lat' dir='ltr'>Ad</span> <span class='ocrx_word' id='word_1_281' title='bbox 252 1899 285 1922; x_wconf 89' lang='lat' dir='ltr'>n.</span> <span class='ocrx_word' id='word_1_282' title='bbox 312 1889 413 1923; x_wconf 92' lang='lat'>1081.</span> <span class='ocrx_word' id='word_1_283' title='bbox 464 1890 535 1923; x_wconf 86' lang='lat' dir='ltr'>Ch.</span> <span class='ocrx_word' id='word_1_284' title='bbox 561 1891 877 1931; x_wconf 79' lang='lat' dir='ltr'>polyspermum</span> <span class='ocrx_word' id='word_1_285' title='bbox 902 1888 942 1924; x_wconf 92' lang='lat' dir='ltr'>L.</span> <span class='ocrx_word' id='word_1_286' title='bbox 981 1889 1022 1923; x_wconf 92' lang='lat' dir='ltr'>In</span> <span class='ocrx_word' id='word_1_287' title='bbox 1054 1889 1231 1925; x_wconf 87' lang='lat' dir='ltr'>ruderatis</span> <span class='ocrx_word' id='word_1_288' title='bbox 1263 1890 1473 1926; x_wconf 89' lang='lat' dir='ltr'>Cantabriae</span> <span class='ocrx_word' id='word_1_289' title='bbox 1499 1891 1655 1938; x_wconf 90' lang='lat' dir='ltr'>(Bilbao,</span> <span class='ocrx_word' id='word_1_290' title='bbox 1693 1892 1777 1927; x_wconf 87' lang='lat' dir='ltr'>San-</span> 
     </span>
     <span class='ocr_line' id='line_1_36' title="bbox 76 1935 1500 1983; baseline 0 -10"><span class='ocrx_word' id='word_1_291' title='bbox 76 1935 215 1980; x_wconf 85' lang='lat' dir='ltr'>tander)</span> <span class='ocrx_word' id='word_1_292' title='bbox 241 1940 276 1971; x_wconf 89' lang='lat' dir='ltr'>et</span> <span class='ocrx_word' id='word_1_293' title='bbox 301 1935 480 1971; x_wconf 88' lang='lat' dir='ltr'>Galleciae</span> <span class='ocrx_word' id='word_1_294' title='bbox 506 1935 631 1982; x_wconf 82' lang='lat' dir='ltr'>(Seijo,</span> <span class='ocrx_word' id='word_1_295' title='bbox 657 1936 935 1982; x_wconf 88' lang='lat' dir='ltr'>Puentedeume,</span> <span class='ocrx_word' id='word_1_296' title='bbox 962 1937 1148 1983; x_wconf 89' lang='lat' dir='ltr'>Betanzos,</span> <span class='ocrx_word' id='word_1_297' title='bbox 1173 1937 1206 1971; x_wconf 93' lang='lat' dir='ltr'>el</span> <span class='ocrx_word' id='word_1_298' title='bbox 1228 1937 1377 1983; x_wconf 83' lang='lat' dir='ltr'>Burgo),</span> <span class='ocrx_word' id='word_1_299' title='bbox 1402 1937 1500 1974; x_wconf 86' lang='lat' dir='ltr'>LGE.</span> 
     </span>
    </p>
   </div>
   <div class='ocr_carea' id='block_1_15' title="bbox 79 1994 1776 2227">
    <p class='ocr_par' dir='ltr' id='par_1_16' title="bbox 79 1994 1776 2227">
     <span class='ocr_line' id='line_1_37' title="bbox 171 1994 1776 2041; baseline 0.002 -12"><span class='ocrx_word' id='word_1_300' title='bbox 171 1994 229 2029; x_wconf 90' lang='lat' dir='ltr'>Ad</span> <span class='ocrx_word' id='word_1_301' title='bbox 253 2005 286 2028; x_wconf 92' lang='lat' dir='ltr'>n.</span> <span class='ocrx_word' id='word_1_302' title='bbox 315 1995 416 2029; x_wconf 86' lang='lat'>1084.</span> <span class='ocrx_word' id='word_1_303' title='bbox 466 1997 573 2030; x_wconf 85' lang='lat' dir='ltr'>Beta</span> <span class='ocrx_word' id='word_1_304' title='bbox 596 1997 813 2030; x_wconf 80' lang='lat' dir='ltr'>maritima</span> <span class='ocrx_word' id='word_1_305' title='bbox 848 1994 890 2029; x_wconf 89' lang='lat' dir='ltr'>L.</span> <span class='ocrx_word' id='word_1_306' title='bbox 939 1994 996 2030; x_wconf 87' lang='lat' dir='ltr'>Ad</span> <span class='ocrx_word' id='word_1_307' title='bbox 1024 1995 1148 2030; x_wconf 88' lang='lat' dir='ltr'>littora</span> <span class='ocrx_word' id='word_1_308' title='bbox 1171 1995 1301 2031; x_wconf 90' lang='lat' dir='ltr'>Oceani</span> <span class='ocrx_word' id='word_1_309' title='bbox 1323 1996 1359 2030; x_wconf 90' lang='lat' dir='ltr'>in</span> <span class='ocrx_word' id='word_1_310' title='bbox 1384 1996 1574 2032; x_wconf 86' lang='lat' dir='ltr'>Cantabria</span> <span class='ocrx_word' id='word_1_311' title='bbox 1599 1997 1645 2041; x_wconf 85' lang='lat' dir='ltr'>(S.</span> <span class='ocrx_word' id='word_1_312' title='bbox 1672 1997 1776 2033; x_wconf 88' lang='lat' dir='ltr'>Seba-</span> 
     </span>
     <span class='ocr_line' id='line_1_38' title="bbox 79 2040 1424 2088; baseline 0.001 -11"><span class='ocrx_word' id='word_1_313' title='bbox 79 2041 185 2082; x_wconf 85' lang='lat' dir='ltr'>stian&gt;</span> <span class='ocrx_word' id='word_1_314' title='bbox 213 2046 248 2076; x_wconf 89' lang='lat' dir='ltr'>et</span> <span class='ocrx_word' id='word_1_315' title='bbox 272 2040 433 2076; x_wconf 87' lang='lat' dir='ltr'>Gallecia</span> <span class='ocrx_word' id='word_1_316' title='bbox 458 2042 645 2087; x_wconf 70' lang='lat' dir='ltr'>(Donifios,</span> <span class='ocrx_word' id='word_1_317' title='bbox 671 2043 708 2076; x_wconf 93' lang='lat' dir='ltr'>la</span> <span class='ocrx_word' id='word_1_318' title='bbox 732 2042 887 2085; x_wconf 73' lang='lat' dir='ltr'>Corufia,</span> <span class='ocrx_word' id='word_1_319' title='bbox 914 2042 1035 2088; x_wconf 83' lang='lat' dir='ltr'>Vigo),</span> <span class='ocrx_word' id='word_1_320' title='bbox 1060 2042 1158 2078; x_wconf 81' lang='lat' dir='ltr'>LGE.</span> <span class='ocrx_word' id='word_1_321' title='bbox 1183 2043 1294 2079; x_wconf 91' lang='lat' dir='ltr'>Porro</span> <span class='ocrx_word' id='word_1_322' title='bbox 1318 2043 1424 2079; x_wconf 87' lang='lat' dir='ltr'>adde:</span> 
     </span>
     <span class='ocr_line' id='line_1_39' title="bbox 218 2088 1775 2135; baseline 0.002 -12"><span class='ocrx_word' id='word_1_323' title='bbox 218 2088 254 2130; x_wconf 87' lang='grc' dir='ltr'>β.</span> <span class='ocrx_word' id='word_1_324' title='bbox 284 2099 430 2123; x_wconf 90' lang='lat' dir='ltr'>macro</span> <span class='ocrx_word' id='word_1_325' title='bbox 442 2099 575 2134; x_wconf 87' lang='lat' dir='ltr'>carpa</span> <span class='ocrx_word' id='word_1_326' title='bbox 598 2090 733 2129; x_wconf 78' lang='lat' dir='ltr'>MOQU.</span> <span class='ocrx_word' id='word_1_327' title='bbox 761 2088 801 2124; x_wconf 90' lang='lat' dir='ltr'>T.</span> <span class='ocrx_word' id='word_1_328' title='bbox 828 2089 881 2128; x_wconf 91' lang='lat' dir='ltr'>(B.</span> <span class='ocrx_word' id='word_1_329' title='bbox 907 2100 1138 2135; x_wconf 88' lang='lat' dir='ltr'>macrocarpa</span> <span class='ocrx_word' id='word_1_330' title='bbox 1163 2089 1303 2131; x_wconf 50' lang='grc' dir='ltr'>(ωδε).</span> <span class='ocrx_word' id='word_1_331' title='bbox 1353 2090 1546 2125; x_wconf 87' lang='lat' dir='ltr'>Glomeruli</span> <span class='ocrx_word' id='word_1_332' title='bbox 1582 2090 1682 2125; x_wconf 87' lang='lat' dir='ltr'>valde</span> <span class='ocrx_word' id='word_1_333' title='bbox 1721 2102 1775 2126; x_wconf 89' lang='lat' dir='ltr'>re-</span> 
     </span>
     <span class='ocr_line' id='line_1_40' title="bbox 283 2135 1774 2183; baseline 0.003 -14"><span class='ocrx_word' id='word_1_334' title='bbox 283 2135 385 2179; x_wconf 88' lang='lat' dir='ltr'>moti,</span> <span class='ocrx_word' id='word_1_335' title='bbox 422 2137 573 2180; x_wconf 88' lang='lat' dir='ltr'>2—3plo</span> <span class='ocrx_word' id='word_1_336' title='bbox 609 2136 761 2180; x_wconf 88' lang='lat' dir='ltr'>majores</span> <span class='ocrx_word' id='word_1_337' title='bbox 791 2147 896 2180; x_wconf 88' lang='lat' dir='ltr'>quam</span> <span class='ocrx_word' id='word_1_338' title='bbox 932 2137 968 2171; x_wconf 90' lang='lat' dir='ltr'>in</span> <span class='ocrx_word' id='word_1_339' title='bbox 1005 2136 1118 2172; x_wconf 86' lang='lat' dir='ltr'>forma</span> <span class='ocrx_word' id='word_1_340' title='bbox 1141 2138 1295 2183; x_wconf 87' lang='lat' dir='ltr'>vulgari,</span> <span class='ocrx_word' id='word_1_341' title='bbox 1329 2138 1402 2172; x_wconf 87' lang='lat' dir='ltr'>fere</span> <span class='ocrx_word' id='word_1_342' title='bbox 1427 2138 1500 2174; x_wconf 89' lang='lat' dir='ltr'>Pisi</span> <span class='ocrx_word' id='word_1_343' title='bbox 1526 2138 1774 2182; x_wconf 85' lang='lat' dir='ltr'>magnitudine.</span> 
     </span>
     <span class='ocr_line' id='line_1_41' title="bbox 285 2182 1303 2227; baseline 0.003 -11"><span class='ocrx_word' id='word_1_344' title='bbox 285 2201 330 2206; x_wconf 92' lang='lat'>-—</span> <span class='ocrx_word' id='word_1_345' title='bbox 353 2182 469 2227; x_wconf 89' lang='lat' dir='ltr'>Prope</span> <span class='ocrx_word' id='word_1_346' title='bbox 494 2183 659 2227; x_wconf 85' lang='lat' dir='ltr'>Malaga,</span> <span class='ocrx_word' id='word_1_347' title='bbox 685 2182 752 2218; x_wconf 84' lang='lat' dir='ltr'>HS.</span> <span class='ocrx_word' id='word_1_348' title='bbox 778 2182 814 2217; x_wconf 93' lang='lat' dir='ltr'>in</span> <span class='ocrx_word' id='word_1_349' title='bbox 838 2184 896 2219; x_wconf 91' lang='lat' dir='ltr'>hb.</span> <span class='ocrx_word' id='word_1_350' title='bbox 922 2183 1114 2219; x_wconf 84' lang='lat' dir='ltr'>AGARDH.</span> <span class='ocrx_word' id='word_1_351' title='bbox 1139 2195 1183 2220; x_wconf 81' lang='lat' dir='ltr'>ex</span> <span class='ocrx_word' id='word_1_352' title='bbox 1206 2185 1303 2219; x_wconf 84' lang='lat' dir='ltr'>LGE.</span> 
     </span>
    </p>
   </div>
   <div class='ocr_carea' id='block_1_16' title="bbox 169 2239 1718 2405">
    <p class='ocr_par' dir='ltr' id='par_1_17' title="bbox 169 2239 1718 2405">
     <span class='ocr_line' id='line_1_42' title="bbox 169 2239 1490 2288; baseline 0.003 -14"><span class='ocrx_word' id='word_1_353' title='bbox 169 2239 227 2274; x_wconf 89' lang='lat' dir='ltr'>Ad</span> <span class='ocrx_word' id='word_1_354' title='bbox 252 2251 284 2275; x_wconf 93' lang='lat' dir='ltr'>n.</span> <span class='ocrx_word' id='word_1_355' title='bbox 314 2242 414 2275; x_wconf 89' lang='lat'>1085.</span> <span class='ocrx_word' id='word_1_356' title='bbox 463 2244 509 2276; x_wconf 91' lang='lat' dir='ltr'>B.</span> <span class='ocrx_word' id='word_1_357' title='bbox 536 2243 692 2276; x_wconf 83' lang='lat' dir='ltr'>diffusa</span> <span class='ocrx_word' id='word_1_358' title='bbox 717 2241 826 2276; x_wconf 84' lang='lat' dir='ltr'>COSS.</span> <span class='ocrx_word' id='word_1_359' title='bbox 877 2242 919 2276; x_wconf 91' lang='lat' dir='ltr'>In</span> <span class='ocrx_word' id='word_1_360' title='bbox 944 2243 1090 2279; x_wconf 82' lang='lat' dir='ltr'>cactetis</span> <span class='ocrx_word' id='word_1_361' title='bbox 1116 2256 1168 2288; x_wconf 89' lang='lat' dir='ltr'>pr.</span> <span class='ocrx_word' id='word_1_362' title='bbox 1194 2243 1367 2287; x_wconf 89' lang='lat' dir='ltr'>Almeria,</span> <span class='ocrx_word' id='word_1_363' title='bbox 1392 2243 1490 2278; x_wconf 82' lang='lat' dir='ltr'>LGE.</span> 
     </span>
     <span class='ocr_line' id='line_1_43' title="bbox 169 2297 1673 2347; baseline 0.003 -14"><span class='ocrx_word' id='word_1_364' title='bbox 169 2297 227 2332; x_wconf 90' lang='lat' dir='ltr'>Ad</span> <span class='ocrx_word' id='word_1_365' title='bbox 251 2309 284 2334; x_wconf 86' lang='lat' dir='ltr'>n.</span> <span class='ocrx_word' id='word_1_366' title='bbox 312 2301 413 2334; x_wconf 87' lang='lat'>1087.</span> <span class='ocrx_word' id='word_1_367' title='bbox 462 2303 721 2335; x_wconf 80' lang='lat' dir='ltr'>Amarantus</span> <span class='ocrx_word' id='word_1_368' title='bbox 747 2302 1000 2335; x_wconf 79' lang='lat' dir='ltr'>retroflexus</span> <span class='ocrx_word' id='word_1_369' title='bbox 1024 2301 1066 2336; x_wconf 92' lang='lat' dir='ltr'>L.</span> <span class='ocrx_word' id='word_1_370' title='bbox 1116 2302 1156 2335; x_wconf 93' lang='lat' dir='ltr'>In</span> <span class='ocrx_word' id='word_1_371' title='bbox 1182 2302 1359 2337; x_wconf 89' lang='lat' dir='ltr'>suburbiis</span> <span class='ocrx_word' id='word_1_372' title='bbox 1384 2301 1550 2347; x_wconf 89' lang='lat' dir='ltr'>Madriti,</span> <span class='ocrx_word' id='word_1_373' title='bbox 1576 2301 1673 2338; x_wconf 83' lang='lat' dir='ltr'>LGE.</span> 
     </span>
     <span class='ocr_line' id='line_1_44' title="bbox 171 2356 1718 2405; baseline 0.004 -15"><span class='ocrx_word' id='word_1_374' title='bbox 171 2356 229 2391; x_wconf 88' lang='lat' dir='ltr'>Ad</span> <span class='ocrx_word' id='word_1_375' title='bbox 252 2368 284 2391; x_wconf 92' lang='lat' dir='ltr'>n.</span> <span class='ocrx_word' id='word_1_376' title='bbox 313 2359 414 2394; x_wconf 88' lang='lat'>1088.</span> <span class='ocrx_word' id='word_1_377' title='bbox 464 2361 512 2394; x_wconf 90' lang='lat' dir='ltr'>A.</span> <span class='ocrx_word' id='word_1_378' title='bbox 541 2361 858 2401; x_wconf 81' lang='lat' dir='ltr'>chlorostachys</span> <span class='ocrx_word' id='word_1_379' title='bbox 883 2358 941 2394; x_wconf 93' lang='lat' dir='ltr'>W.</span> <span class='ocrx_word' id='word_1_380' title='bbox 991 2359 1032 2394; x_wconf 93' lang='lat' dir='ltr'>In</span> <span class='ocrx_word' id='word_1_381' title='bbox 1056 2360 1232 2396; x_wconf 88' lang='lat' dir='ltr'>ruderatis</span> <span class='ocrx_word' id='word_1_382' title='bbox 1256 2372 1308 2405; x_wconf 88' lang='lat' dir='ltr'>pr.</span> <span class='ocrx_word' id='word_1_383' title='bbox 1335 2359 1368 2395; x_wconf 87' lang='lat' dir='ltr'>S.</span> <span class='ocrx_word' id='word_1_384' title='bbox 1394 2360 1594 2405; x_wconf 84' lang='lat' dir='ltr'>Sebastian,</span> <span class='ocrx_word' id='word_1_385' title='bbox 1621 2361 1718 2396; x_wconf 81' lang='lat' dir='ltr'>LGE.</span> 
     </span>
    </p>
   </div>
   <div class='ocr_carea' id='block_1_17' title="bbox 74 2415 1772 2827">
    <p class='ocr_par' dir='ltr' id='par_1_18' title="bbox 74 2415 1772 2694">
     <span class='ocr_line' id='line_1_45' title="bbox 169 2415 1772 2465; baseline 0.004 -17"><span class='ocrx_word' id='word_1_386' title='bbox 169 2415 281 2449; x_wconf 76' lang='grc'>*1088</span> <span class='ocrx_word' id='word_1_387' title='bbox 308 2418 371 2451; x_wconf 72' lang='lat' dir='ltr'>bis.</span> <span class='ocrx_word' id='word_1_388' title='bbox 420 2420 468 2452; x_wconf 91' lang='lat' dir='ltr'>A.</span> <span class='ocrx_word' id='word_1_389' title='bbox 495 2419 702 2460; x_wconf 82' lang='lat' dir='ltr'>hybridus</span> <span class='ocrx_word' id='word_1_390' title='bbox 727 2417 768 2452; x_wconf 89' lang='lat' dir='ltr'>L.</span> <span class='ocrx_word' id='word_1_391' title='bbox 797 2417 879 2453; x_wconf 88' lang='lat' dir='ltr'>Cod.</span> <span class='ocrx_word' id='word_1_392' title='bbox 905 2419 1013 2454; x_wconf 83' lang='lat'>7180!</span> <span class='ocrx_word' id='word_1_393' title='bbox 1055 2418 1191 2458; x_wconf 80' lang='lat' dir='ltr'>MOQU.</span> <span class='ocrx_word' id='word_1_394' title='bbox 1225 2418 1265 2454; x_wconf 90' lang='lat' dir='ltr'>T.</span> <span class='ocrx_word' id='word_1_395' title='bbox 1291 2419 1327 2453; x_wconf 93' lang='lat' dir='ltr'>in</span> <span class='ocrx_word' id='word_1_396' title='bbox 1362 2418 1434 2454; x_wconf 89' lang='lat' dir='ltr'>DC.</span> <span class='ocrx_word' id='word_1_397' title='bbox 1465 2419 1587 2459; x_wconf 79' lang='lat' dir='ltr'>Rrodr.</span> <span class='ocrx_word' id='word_1_398' title='bbox 1614 2419 1715 2465; x_wconf 87' lang='lat' dir='ltr'>XIII,</span> <span class='ocrx_word' id='word_1_399' title='bbox 1741 2422 1772 2465; x_wconf 89' lang='lat'>2,</span> 
     </span>
     <span class='ocr_line' id='line_1_46' title="bbox 80 2461 1772 2511; baseline 0.005 -16"><span class='ocrx_word' id='word_1_400' title='bbox 80 2461 165 2496; x_wconf 83' lang='lat'>259!</span> <span class='ocrx_word' id='word_1_401' title='bbox 203 2462 337 2498; x_wconf 87' lang='lat' dir='ltr'>Viridis</span> <span class='ocrx_word' id='word_1_402' title='bbox 368 2463 511 2511; x_wconf 86' lang='lat' dir='ltr'>glabra,</span> <span class='ocrx_word' id='word_1_403' title='bbox 548 2465 648 2500; x_wconf 90' lang='lat' dir='ltr'>caule</span> <span class='ocrx_word' id='word_1_404' title='bbox 674 2470 791 2500; x_wconf 90' lang='lat' dir='ltr'>erecto</span> <span class='ocrx_word' id='word_1_405' title='bbox 817 2465 983 2509; x_wconf 81' lang='lat' dir='ltr'>angulato</span> <span class='ocrx_word' id='word_1_406' title='bbox 1009 2465 1133 2500; x_wconf 87' lang='lat' dir='ltr'>striato</span> <span class='ocrx_word' id='word_1_407' title='bbox 1158 2466 1299 2511; x_wconf 82' lang='lat' dir='ltr'>glabro,</span> <span class='ocrx_word' id='word_1_408' title='bbox 1336 2465 1431 2501; x_wconf 87' lang='lat' dir='ltr'>foliis</span> <span class='ocrx_word' id='word_1_409' title='bbox 1456 2467 1634 2511; x_wconf 80' lang='lat' dir='ltr'>petiolatis</span> <span class='ocrx_word' id='word_1_410' title='bbox 1658 2472 1772 2503; x_wconf 87' lang='lat' dir='ltr'>ovato-</span> 
     </span>
     <span class='ocr_line' id='line_1_47' title="bbox 76 2509 1772 2558; baseline 0.004 -16"><span class='ocrx_word' id='word_1_411' title='bbox 76 2509 235 2552; x_wconf 88' lang='lat' dir='ltr'>oblongis</span> <span class='ocrx_word' id='word_1_412' title='bbox 267 2515 327 2544; x_wconf 88' lang='lat' dir='ltr'>aut</span> <span class='ocrx_word' id='word_1_413' title='bbox 352 2512 463 2547; x_wconf 91' lang='lat' dir='ltr'>ovatis</span> <span class='ocrx_word' id='word_1_414' title='bbox 489 2513 622 2558; x_wconf 87' lang='lat' dir='ltr'>acutis,</span> <span class='ocrx_word' id='word_1_415' title='bbox 658 2512 830 2556; x_wconf 84' lang='lat' dir='ltr'>paniculis</span> <span class='ocrx_word' id='word_1_416' title='bbox 856 2513 935 2548; x_wconf 88' lang='lat' dir='ltr'>laxe</span> <span class='ocrx_word' id='word_1_417' title='bbox 960 2513 1128 2557; x_wconf 85' lang='lat' dir='ltr'>ramosis,</span> <span class='ocrx_word' id='word_1_418' title='bbox 1164 2513 1270 2558; x_wconf 89' lang='lat' dir='ltr'>spicis</span> <span class='ocrx_word' id='word_1_419' title='bbox 1296 2513 1421 2548; x_wconf 89' lang='lat' dir='ltr'>erectis</span> <span class='ocrx_word' id='word_1_420' title='bbox 1447 2514 1648 2558; x_wconf 84' lang='lat' dir='ltr'>cylindricis</span> <span class='ocrx_word' id='word_1_421' title='bbox 1674 2515 1772 2550; x_wconf 89' lang='lat' dir='ltr'>obtu-</span> 
     </span>
     <span class='ocr_line' id='line_1_48' title="bbox 77 2556 1772 2606; baseline 0.004 -15"><span class='ocrx_word' id='word_1_422' title='bbox 77 2556 142 2598; x_wconf 88' lang='lat' dir='ltr'>sis,</span> <span class='ocrx_word' id='word_1_423' title='bbox 168 2556 342 2591; x_wconf 88' lang='lat' dir='ltr'>terminali</span> <span class='ocrx_word' id='word_1_424' title='bbox 366 2558 471 2601; x_wconf 81' lang='lat' dir='ltr'>longa</span> <span class='ocrx_word' id='word_1_425' title='bbox 495 2559 746 2603; x_wconf 77' lang='lat' dir='ltr'>rigidiuscula,</span> <span class='ocrx_word' id='word_1_426' title='bbox 773 2559 979 2594; x_wconf 87' lang='lat' dir='ltr'>lateralibus</span> <span class='ocrx_word' id='word_1_427' title='bbox 1004 2559 1237 2596; x_wconf 86' lang='lat' dir='ltr'>mediocribus</span> <span class='ocrx_word' id='word_1_428' title='bbox 1263 2561 1601 2606; x_wconf 86' lang='lat' dir='ltr'>subapproximatis,</span> <span class='ocrx_word' id='word_1_429' title='bbox 1626 2561 1772 2597; x_wconf 87' lang='lat' dir='ltr'>floribus</span> 
     </span>
     <span class='ocr_line' id='line_1_49' title="bbox 74 2603 1772 2685; baseline 0.004 -48"><span class='ocrx_word' id='word_1_430' title='bbox 74 2603 183 2685; x_wconf 41' lang='lat' dir='ltr'>lazis,</span> <span class='ocrx_word' id='word_1_431' title='bbox 221 2604 403 2656; x_wconf 81' lang='lat' dir='ltr'>perigenio</span> <span class='ocrx_word' id='word_1_432' title='bbox 433 2607 587 2642; x_wconf 89' lang='lat' dir='ltr'>bracteis</span> <span class='ocrx_word' id='word_1_433' title='bbox 617 2607 792 2652; x_wconf 87' lang='lat' dir='ltr'>breviore,</span> <span class='ocrx_word' id='word_1_434' title='bbox 829 2607 988 2642; x_wconf 89' lang='lat' dir='ltr'>utriculis</span> <span class='ocrx_word' id='word_1_435' title='bbox 1012 2607 1184 2652; x_wconf 79' lang='lat' dir='ltr'>perigenii</span> <span class='ocrx_word' id='word_1_436' title='bbox 1208 2607 1424 2651; x_wconf 85' lang='lat' dir='ltr'>longitudine</span> <span class='ocrx_word' id='word_1_437' title='bbox 1449 2609 1549 2654; x_wconf 87' lang='lat' dir='ltr'>apice</span> <span class='ocrx_word' id='word_1_438' title='bbox 1575 2609 1772 2654; x_wconf 83' lang='lat' dir='ltr'>2-3-fidis‚</span> 
     </span>
     <span class='ocr_line' id='line_1_50' title="bbox 76 2661 291 2694; baseline -0.009 -7"><span class='ocrx_word' id='word_1_439' title='bbox 76 2662 116 2687; x_wconf 93' lang='lat' dir='ltr'>su</span> <span class='ocrx_word' id='word_1_440' title='bbox 143 2661 291 2694; x_wconf 73' lang='lat' dir='ltr'>rug081s.</span> 
     </span>
    </p>

    <p class='ocr_par' dir='ltr' id='par_1_19' title="bbox 167 2697 1608 2745">
     <span class='ocr_line' id='line_1_51' title="bbox 167 2697 1608 2745; baseline 0.003 -14"><span class='ocrx_word' id='word_1_441' title='bbox 167 2697 282 2742; x_wconf 87' lang='lat' dir='ltr'>Prope</span> <span class='ocrx_word' id='word_1_442' title='bbox 307 2698 382 2732; x_wconf 88' lang='lat' dir='ltr'>urb.</span> <span class='ocrx_word' id='word_1_443' title='bbox 408 2698 564 2743; x_wconf 80' lang='lat' dir='ltr'>Murcia,</span> <span class='ocrx_word' id='word_1_444' title='bbox 590 2698 700 2745; x_wconf 82' lang='lat' dir='ltr'>LGE.,</span> <span class='ocrx_word' id='word_1_445' title='bbox 725 2699 889 2745; x_wconf 82' lang='lat' dir='ltr'>Malaga,</span> <span class='ocrx_word' id='word_1_446' title='bbox 915 2699 982 2735; x_wconf 84' lang='lat' dir='ltr'>HS.</span> <span class='ocrx_word' id='word_1_447' title='bbox 1007 2700 1044 2734; x_wconf 87' lang='lat' dir='ltr'>in</span> <span class='ocrx_word' id='word_1_448' title='bbox 1068 2700 1127 2735; x_wconf 91' lang='lat' dir='ltr'>hb.</span> <span class='ocrx_word' id='word_1_449' title='bbox 1152 2700 1342 2735; x_wconf 81' lang='lat' dir='ltr'>AGARDH.</span> <span class='ocrx_word' id='word_1_450' title='bbox 1367 2711 1411 2736; x_wconf 89' lang='lat' dir='ltr'>ex</span> <span class='ocrx_word' id='word_1_451' title='bbox 1435 2701 1531 2736; x_wconf 84' lang='lat' dir='ltr'>LGE.</span> <span class='ocrx_word' id='word_1_452' title='bbox 1559 2705 1608 2743; x_wconf 75' lang='grc' dir='ltr'>Θ.</span> 
     </span>
    </p>

    <p class='ocr_par' dir='ltr' id='par_1_20' title="bbox 166 2743 1769 2825">
     <span class='ocr_line' id='line_1_52' title="bbox 166 2743 1769 2825; baseline 0.003 -47"><span class='ocrx_word' id='word_1_453' title='bbox 166 2743 257 2825; x_wconf 53' lang='grc' dir='ltr'>Ηεῑᾶ).</span> <span class='ocrx_word' id='word_1_454' title='bbox 282 2744 320 2778; x_wconf 93' lang='lat' dir='ltr'>in</span> <span class='ocrx_word' id='word_1_455' title='bbox 354 2745 474 2781; x_wconf 87' lang='lat' dir='ltr'>Amer.</span> <span class='ocrx_word' id='word_1_456' title='bbox 499 2746 634 2781; x_wconf 89' lang='lat' dir='ltr'>boreali</span> <span class='ocrx_word' id='word_1_457' title='bbox 658 2752 694 2782; x_wconf 87' lang='lat' dir='ltr'>et</span> <span class='ocrx_word' id='word_1_458' title='bbox 718 2747 882 2794; x_wconf 86' lang='lat' dir='ltr'>australi,</span> <span class='ocrx_word' id='word_1_459' title='bbox 920 2748 1028 2782; x_wconf 90' lang='lat' dir='ltr'>Arab.</span> <span class='ocrx_word' id='word_1_460' title='bbox 1054 2747 1164 2793; x_wconf 87' lang='lat' dir='ltr'>felici,</span> <span class='ocrx_word' id='word_1_461' title='bbox 1190 2747 1370 2794; x_wconf 85' lang='lat' dir='ltr'>Madeira,</span> <span class='ocrx_word' id='word_1_462' title='bbox 1408 2749 1500 2783; x_wconf 90' lang='lat' dir='ltr'>unde</span> <span class='ocrx_word' id='word_1_463' title='bbox 1525 2749 1560 2783; x_wconf 87' lang='lat' dir='ltr'>in</span> <span class='ocrx_word' id='word_1_464' title='bbox 1590 2748 1769 2794; x_wconf 87' lang='lat' dir='ltr'>Europam</span> 
     </span>
    </p>

    <p class='ocr_par' dir='ltr' id='par_1_21' title="bbox 121 2790 352 2827">
     <span class='ocr_line' id='line_1_53' title="bbox 121 2790 352 2827; baseline 0.004 -2"><span class='ocrx_word' id='word_1_465' title='bbox 121 2790 213 2826; x_wconf 89' lang='lat' dir='ltr'>intro</span> <span class='ocrx_word' id='word_1_466' title='bbox 240 2797 352 2827; x_wconf 84' lang='lat' dir='ltr'>uetus.</span> 
     </span>
    </p>
   </div>
   <div class='ocr_carea' id='block_1_18' title="bbox 73 2849 1770 3084">
    <p class='ocr_par' dir='ltr' id='par_1_22' title="bbox 73 2849 1770 3084">
     <span class='ocr_line' id='line_1_54' title="bbox 167 2849 1769 2893; baseline 0.003 -11"><span class='ocrx_word' id='word_1_467' title='bbox 167 2849 278 2883; x_wconf 84' lang='lat'>*1089</span> <span class='ocrx_word' id='word_1_468' title='bbox 305 2851 367 2884; x_wconf 73' lang='lat' dir='ltr'>bis.</span> <span class='ocrx_word' id='word_1_469' title='bbox 416 2853 464 2885; x_wconf 93' lang='lat' dir='ltr'>A.</span> <span class='ocrx_word' id='word_1_470' title='bbox 491 2853 887 2892; x_wconf 82' lang='lat' dir='ltr'>hypoehondriaous</span> <span class='ocrx_word' id='word_1_471' title='bbox 912 2852 952 2886; x_wconf 90' lang='lat' dir='ltr'>L.</span> <span class='ocrx_word' id='word_1_472' title='bbox 980 2852 1061 2886; x_wconf 87' lang='lat' dir='ltr'>Cod.</span> <span class='ocrx_word' id='word_1_473' title='bbox 1089 2853 1196 2888; x_wconf 84' lang='lat'>7185!</span> <span class='ocrx_word' id='word_1_474' title='bbox 1232 2853 1367 2893; x_wconf 77' lang='lat' dir='ltr'>MOQU.</span> <span class='ocrx_word' id='word_1_475' title='bbox 1399 2854 1438 2888; x_wconf 93' lang='lat' dir='ltr'>T.</span> <span class='ocrx_word' id='word_1_476' title='bbox 1465 2854 1486 2887; x_wconf 95' lang='lat' dir='ltr'>l.</span> <span class='ocrx_word' id='word_1_477' title='bbox 1513 2865 1540 2888; x_wconf 85' lang='lat' dir='ltr'>c.</span> <span class='ocrx_word' id='word_1_478' title='bbox 1568 2854 1652 2888; x_wconf 76' lang='lat'>256!</span> <span class='ocrx_word' id='word_1_479' title='bbox 1694 2852 1769 2887; x_wconf 90' lang='lat' dir='ltr'>Dif-</span> 
     </span>
     <span class='ocr_line' id='line_1_55' title="bbox 73 2895 1770 2945; baseline 0.002 -15"><span class='ocrx_word' id='word_1_480' title='bbox 73 2895 143 2930; x_wconf 88' lang='lat' dir='ltr'>fert</span> <span class='ocrx_word' id='word_1_481' title='bbox 168 2897 212 2931; x_wconf 91' lang='lat' dir='ltr'>ab</span> <span class='ocrx_word' id='word_1_482' title='bbox 237 2896 280 2930; x_wconf 91' lang='lat' dir='ltr'>A.</span> <span class='ocrx_word' id='word_1_483' title='bbox 307 2896 497 2933; x_wconf 87' lang='lat' dir='ltr'>caudato</span> <span class='ocrx_word' id='word_1_484' title='bbox 522 2897 574 2943; x_wconf 60' lang='lat' dir='ltr'>L,</span> <span class='ocrx_word' id='word_1_485' title='bbox 600 2898 655 2932; x_wconf 89' lang='lat' dir='ltr'>cui</span> <span class='ocrx_word' id='word_1_486' title='bbox 688 2899 821 2945; x_wconf 88' lang='lat' dir='ltr'>affinis,</span> <span class='ocrx_word' id='word_1_487' title='bbox 860 2899 958 2934; x_wconf 87' lang='lat' dir='ltr'>caule</span> <span class='ocrx_word' id='word_1_488' title='bbox 983 2899 1178 2934; x_wconf 86' lang='lat' dir='ltr'>rubicundo</span> <span class='ocrx_word' id='word_1_489' title='bbox 1202 2901 1355 2941; x_wconf 80' lang='lat' dir='ltr'>sulcato,</span> <span class='ocrx_word' id='word_1_490' title='bbox 1392 2901 1455 2936; x_wconf 87' lang='lat' dir='ltr'>sub</span> <span class='ocrx_word' id='word_1_491' title='bbox 1480 2900 1572 2935; x_wconf 85' lang='lat' dir='ltr'>foliis</span> <span class='ocrx_word' id='word_1_492' title='bbox 1597 2900 1770 2935; x_wconf 85' lang='lat' dir='ltr'>scabrius-</span> 
     </span>
     <span class='ocr_line' id='line_1_56' title="bbox 74 2943 1769 2993; baseline 0.003 -17"><span class='ocrx_word' id='word_1_493' title='bbox 74 2943 167 2988; x_wconf 81' lang='lat' dir='ltr'>culo,</span> <span class='ocrx_word' id='word_1_494' title='bbox 204 2943 298 2978; x_wconf 84' lang='lat' dir='ltr'>foliis</span> <span class='ocrx_word' id='word_1_495' title='bbox 332 2943 705 2988; x_wconf 85' lang='lat' dir='ltr'>oblongo-lanceolatis</span> <span class='ocrx_word' id='word_1_496' title='bbox 730 2947 876 2982; x_wconf 89' lang='lat' dir='ltr'>obscure</span> <span class='ocrx_word' id='word_1_497' title='bbox 902 2943 1283 2991; x_wconf 80' lang='lat' dir='ltr'>purpureo-viridibus,</span> <span class='ocrx_word' id='word_1_498' title='bbox 1314 2947 1485 2993; x_wconf 86' lang='lat' dir='ltr'>paniculis</span> <span class='ocrx_word' id='word_1_499' title='bbox 1511 2948 1673 2990; x_wconf 89' lang='lat' dir='ltr'>ramosis,</span> <span class='ocrx_word' id='word_1_500' title='bbox 1700 2947 1769 2991; x_wconf 91' lang='lat' dir='ltr'>spi-</span> 
     </span>
     <span class='ocr_line' id='line_1_57' title="bbox 74 2989 1769 3039; baseline 0.004 -16"><span class='ocrx_word' id='word_1_501' title='bbox 74 2989 124 3024; x_wconf 88' lang='lat' dir='ltr'>cis</span> <span class='ocrx_word' id='word_1_502' title='bbox 149 2990 276 3025; x_wconf 88' lang='lat' dir='ltr'>erectis</span> <span class='ocrx_word' id='word_1_503' title='bbox 301 2991 570 3035; x_wconf 85' lang='lat' dir='ltr'>subcylindricis</span> <span class='ocrx_word' id='word_1_504' title='bbox 596 2992 849 3038; x_wconf 83' lang='lat' dir='ltr'>obtusissimis,</span> <span class='ocrx_word' id='word_1_505' title='bbox 877 2993 1055 3028; x_wconf 85' lang='lat' dir='ltr'>terminali</span> <span class='ocrx_word' id='word_1_506' title='bbox 1073 2994 1236 3037; x_wconf 78' lang='lat' dir='ltr'>elongata</span> <span class='ocrx_word' id='word_1_507' title='bbox 1254 2995 1386 3039; x_wconf 73' lang='lat' dir='ltr'>rigida,</span> <span class='ocrx_word' id='word_1_508' title='bbox 1423 2994 1566 3029; x_wconf 87' lang='lat' dir='ltr'>floribus</span> <span class='ocrx_word' id='word_1_509' title='bbox 1585 2994 1769 3030; x_wconf 84' lang='lat' dir='ltr'>subdensis</span> 
     </span>
     <span class='ocr_line' id='line_1_58' title="bbox 74 3038 458 3084; baseline 0.003 -12"><span class='ocrx_word' id='word_1_510' title='bbox 74 3040 231 3072; x_wconf 77' lang='lat' dir='ltr'>saturate</span> <span class='ocrx_word' id='word_1_511' title='bbox 259 3038 458 3084; x_wconf 89' lang='lat' dir='ltr'>purpureis.</span> 
     </span>
    </p>
   </div>
  </div>
 </body>
</html>
