1960 3237
958 104 1050 149 236

546 234 655 279 Fam.
692 233 768 278 43.
841 229 1220 275 CUPULIFERAE
1257 232 1388 276 RicH.
1411 225 1449 275 ἦ

277 333 459 374 Arbores
505 345 697 386 procerae
740 345 773 371 v.
816 329 981 369 frutices
1023 330 1310 381 ramosissimi,
1355 330 1475 370 ramis
1520 329 1695 382 sparsiS,
1739 329 1845 370 foliis

162 391 325 432 alternis
367 391 611 445 simplicibus
654 388 850 442 petiolatis
898 387 1120 440 stipulatis,
1167 388 1321 441 stipulis
1353 388 1526 429 caducis.
1586 388 1724 428 Flores
1756 400 1846 428 mo-

162 449 289 500 noici,
337 454 401 490 aut
450 448 609 488 masculi
651 451 689 486 et
721 446 883 485 feminei
914 446 953 485 in
984 450 1140 487 amenta
1171 446 1381 500 congesti,
1428 451 1494 486 aut
1524 446 1687 486 masculi
1718 446 1846 496 solum

163 512 320 547 amenta
350 508 415 547 vel
447 507 576 558 spicas
608 504 850 555 formantes,
883 503 1044 543 feminei
1077 504 1308 556 fasciculati,
1343 504 1481 557 spicati
1512 516 1547 543 v.
1578 505 1618 544 in
1650 517 1846 558 gemmam

162 565 327 615 inclusig
372 564 530 605 masculi
574 566 640 602 aut
670 561 718 602 ad
750 562 916 602 stamina
949 562 1124 614 squamis
1157 567 1404 604 amentorum
1436 562 1646 602 insidentia
1676 561 1846 615 reducti,

162 628 229 663 aut
259 623 465 676 perigonio
497 620 633 659 muniti
667 625 707 659 et
738 624 818 659 tum
851 619 1017 659 sessiles
1049 632 1083 661 v,
1108 620 1357 672 pedicellati3
1391 620 1553 661 feminei
1584 633 1605 660 e
1636 621 1846 674 perigonio

162 693 249 721 curn
289 681 424 720 ovario
455 683 624 718 connato
655 677 817 718 limbum
850 689 1036 730 superum
1069 678 1347 718 brevissimum
1379 677 1661 719 denticulatum
1693 680 1845 731 saepis-

162 739 261 779 sime
294 738 449 777 domum
483 735 693 776 evanidum
725 741 894 789 gerente
926 740 1183 787 constantes,
1231 748 1336 776 nunc
1366 736 1533 777 solitarii
1565 749 1668 776 nunc
1697 736 1779 777 bini
1810 749 1845 779 v.

161 796 264 836 terni
305 796 402 834 intra
434 794 680 834 involucrum
716 806 922 834 commune
955 807 977 833 e
1010 794 1181 834 bracteis
1213 795 1395 834 connatis
1428 795 1687 847 compositum
1720 788 1845 834 ‘sessi-

161 855 233 894 leS.
295 853 465 893 Stamina
497 851 607 905 plura
640 864 807 892 numero
839 851 1068 903 indefinito,
1114 852 1241 892 libera
1271 865 1308 892 V.
1340 852 1624 905 monadelpha,
1668 853 1845 893 antheris

160 911 341 951 introrsis
393 910 689 950 bilocularibus.
763 909 950 950 Pistillum
1003 911 1139 950 ovario
1190 910 1319 950 infero
1372 909 1688 961 2-—6-loculari,
1741 911 1845 964 stylo

161 968 378 1009 columnari
409 968 520 1007 brevi
553 973 592 1007 ct
624 969 872 1021 stigmatibus
905 968 1179 1008 terminalibus
1212 967 1460 1008 filiformibus
1491 969 1630 1022 rigidis
1662 973 1720 1009 tot
1751 973 1846 1022 quot

160 1027 282 1068 ovarii
325 1025 443 1066 loculi
472 1026 706 1078 praeditum.
766 1026 932 1066 Fructus
967 1031 1300 1067 nucamentaceus
1346 1026 1477 1079 (glans
1508 1039 1542 1069 v.
1575 1031 1699 1075 nux),
1739 1027 1842 1079 peri-

160 1085 291 1138 carpio
322 1084 455 1137 ligneo
487 1097 521 1124 ν.
556 1085 739 1124 coriaceo
773 1084 969 1136 munitus,
1012 1084 1245 1137 plerumque
1280 1097 1606 1138 monospermus,
1652 1086 1690 1124 in
1724 1084 1844 1125 fundo

158 1142 351 1183 involucri
382 1143 486 1182 aucti
517 1147 556 1182 et
586 1142 799 1182 incrassati
832 1147 898 1182 aut
929 1143 1046 1195 apice,
1071 1144 1197 1194 aperti
1228 1143 1558 1196 cupulaeformis,
1592 1148 1657 1183 aut
1686 1144 1842 1195 penitus

163 1201 285 1241 clausi
330 1205 370 1240 et
414 1199 571 1240 demum
605 1200 847 1240 dehiscentis
893 1201 1245 1253 capsulaeformis,
1293 1206 1357 1241 aut
1400 1202 1524 1242 clausi
1555 1201 1844 1241 membranacei

159 1258 442 1299 indehiscentis
475 1258 790 1308 utriculiformiS,
825 1264 891 1298 aut
922 1260 1047 1311 aperti
1079 1259 1322 1299 unilateralis
1354 1260 1458 1312 plani
1490 1259 1645 1301 foliacei
1676 1260 1842 1300 sessilis.

162 1318 318 1358 Semina
363 1316 530 1369 pendula
574 1317 893 1367 exalbuminosa‚
947 1317 1251 1370 cotyledonibus
1302 1319 1531 1372 permagnis
1582 1318 1762 1359 carnosis
1805 1323 1844 1358 et

162 1375 378 1428 embryone
410 1387 531 1427 parvo
563 1376 735 1426 munita,
771 1375 1012 1428 epispermio
1044 1376 1362 1416 membranaceo.

583 1505 688 1551 Trib.
724 1505 752 1551 Ι.
825 1505 1140 1564 Carpineae
1177 1506 1397 1554 SCHNIZL.

278 1605 415 1645 Flores
458 1606 622 1645 masculi
665 1606 704 1646 in
747 1611 903 1647 amenta
949 1605 1162 1660 cylindrica
1209 1607 1356 1659 densa,
1405 1607 1566 1648 feminei
1607 1608 1648 1648 in
1689 1613 1845 1650 amenta

162 1663 297 1703 brevia
329 1664 414 1704 laxa
448 1665 730 1705 subracemosa
762 1665 965 1718 dispositi,
1000 1666 1162 1705 masculi
1193 1667 1403 1720 perigonio
1435 1671 1633 1707 carentes.
1692 1667 1842 1708 Involu-

159 1734 269 1761 crum
320 1721 428 1763 1—2
450 1722 614 1773 florum,
666 1724 875 1763 foliaceum
921 1738 956 1764 v.
1002 1724 1293 1765 utriculiforme
1326 1737 1348 1764 e
1391 1724 1563 1765 bracteis
1600 1724 1705 1766 1—2
1738 1737 1842 1766 com-

157 1780 343 1832 positum.
404 1781 568 1820 Fructus
615 1794 759 1833 parvus
804 1782 996 1831 (nucula).
1042 1806 1093 1813 —-
1132 1781 1312 1824 Arbores
1360 1782 1464 1823 foliis
1509 1782 1710 1836 deciduis,
1755 1796 1844 1825 cum

159 1836 342 1877 foliorum
374 1839 601 1878 evolutione
635 1839 839 1880 florentes.

274 1919 482 1960 CCXLVII.
517 1919 713 1960 OSTRYA
746 1921 854 1961 Mlcn.
888 1922 984 1963 Nov.
1019 1935 1109 1976 gen.
1155 1923 1350 1976 Squamae
1396 1926 1640 1962 amentorum
1683 1935 1844 1963 mascu-

161 1976 289 2016 lorum
338 1977 415 2017 late
470 1982 608 2017 ovatae
662 1979 930 2031 acuminatae,
984 1981 1234 2032 imbricatae,
1287 1981 1453 2021 stamina
1505 1980 1736 2033 plerumque
1792 1981 1841 2022 12

158 2035 207 2075 ad
263 2035 374 2074 basin
427 2040 629 2088 gerentes.
690 2036 940 2079 Involucrum
999 2038 1137 2079 florum
1188 2039 1450 2079 femineorum
1503 2037 1769 2079 1—2—ssorum
1808 2046 1842 2079 ‘e

162 2092 333 2132 bracteis
385 2092 534 2133 duabus
586 2093 742 2134 demum
795 2098 953 2137 omnino
1005 2098 1185 2138 connatis
1236 2097 1445 2138 utriculum
1498 2097 1842 2138 membranaceum

160 2151 343 2191 nuculam
382 2156 532 2192 ovatam
564 2152 718 2192 laevem
750 2153 1018 2195 includentem
1051 2155 1308 2196 formantibus
1341 2154 1612 2208 compositum.
1674 2155 1843 2196 Amenta

159 2209 327 2248 feminea
357 2208 397 2248 in
429 2214 532 2250 statu
564 2210 767 2251 fructifero
800 2213 1110 2265 strobilifor'rnia‚
1143 2214 1320 2254 strobilis
1344 2213 1497 2253 Humuli
1519 2212 1657 2265 Lupuli
1689 2214 1842 2254 similia.

257 2277 336 2311 986.
363 2278 406 2311 Ο.
433 2280 693 2319 carpinifolia
718 2278 830 2313 SCOP.
856 2279 912 2314 Fl.
938 2291 1030 2316 carn.
1057 2281 1103 2322 ΙΙ,
1135 2283 1203 2316 244
1225 2281 1276 2327 (O.
1301 2280 1454 2321 vulg-aris
1479 2279 1538 2315 W.
1562 2280 1687 2315 RCHB.
1724 2280 1771 2315 Ic.
1807 2279 1842 2316 fi.

167 2322 283 2357 Germ.
309 2323 390 2368 XII,
415 2323 438 2359 f.
465 2326 581 2367 12991,
607 2325 780 2370 Carpinus
805 2325 933 2370 Ostrya
955 2327 1021 2365 L).
1067 2329 1184 2363 Arbor
1208 2328 1407 2370 mediocris,
1433 2327 1561 2362 cortice
1585 2328 1712 2362 rimoso
1735 2327 1842 2374 fusco,

162 2370 255 2404 foliis
279 2371 598 2407 ovato-lanceolatis
623 2372 831 2407 acuminatis
856 2373 1212 2418 duplicato-serratis,
1247 2386 1354 2420 supra
1379 2374 1525 2418 glabris,
1550 2374 1673 2409 subtus
1697 2374 1742 2408 ad
1766 2384 1843 2408 ner-

159 2427 217 2451 vos
252 2416 542 2468 pubescentibus3
579 2418 727 2455 amentis
763 2420 916 2455 breviter
946 2421 1206 2468 pedunculatis,
1241 2421 1421 2468 pendulis,
1458 2420 1617 2456 utriculis
1641 2420 1842 2456 reticulato-

160 2473 325 2497 nervom.

220 2513 225 2520 ‘
251 2509 384 2544 Crescit
424 2516 545 2554 sponte
580 2511 616 2545 in
639 2512 790 2556 Aragon.
825 2523 938 2558 super.
964 2513 1000 2547 in
1024 2514 1118 2550 silvis
1142 2515 1271 2550 montis
1296 2513 1329 2548 S.
1355 2513 1449 2547 Juan
1472 2512 1514 2547 de
1538 2513 1574 2548 la
1597 2520 1692 2558 pefia
1717 2513 1842 2559 (Ass),

206 2555 286 2591 cult.
311 2556 348 2590 in
371 2556 405 2590 h.
431 2568 502 2599 reg.
529 2557 573 2592 ad
597 2558 630 2592 S.
660 2559 850 2595 Ildefonso.
876 2580 920 2585 —
939 2561 1087 2607 tt-.A1)r.⁷
1111 2562 1220 2607 Majo,
1243 2561 1344 2595 fruct.
1363 2560 1465 2604 Aug.⁷
1491 2560 1585 2605 Sept.
1612 2561 1654 2606 (v.
1672 2564 1725 2602 v.>.

251 2602 340 2636 Hab.
366 2603 401 2637 in
425 2602 527 2648 Gall„
553 2604 667 2651 Helv.,
702 2606 832 2652 Austr.,
858 2607 949 2653 Ital.‚
973 2607 1098 2652 Dalm.⁷
1123 2608 1239 2653 Turc„
1263 2607 1398 2653 Graec,
1422 2607 1552 2643 Sicilia.

277 2671 501 2712 CCXLVIII.
536 2673 776 2717 CARPINUS
809 2677 852 2717 L.
878 2676 974 2717 Gen.
997 2678 1046 2730 pl.
1072 2679 1264 2731 Squamae
1298 2684 1544 2719 amentorum
1576 2678 1840 2720 masculorum

161 2734 302 2769 ovatae
335 2730 579 2771 acuminatae
610 2733 784 2787 ciliatae,
818 2736 865 2775 ad
899 2735 1010 2775 basin
1043 2737 1207 2776 stamina
1246 2735 1409 2778 10-20
1441 2742 1644 2790 gerentes,
1684 2737 1839 2777 Involu-

158 2800 265 2827 crum
298 2787 437 2827 florum
469 2788 729 2833 femineorum
767 2793 978 2833 unirorum
1024 2805 1045 2832 e
1087 2794 1247 2834 bractea
1281 2795 1396 2835 unica
1427 2796 1543 2849 plana
1575 2794 1738 2835 foliacea
1769 2795 1838 2834 tri·

159 2846 300 2898 partita
352 2857 522 2887 nervosa
563 2847 745 2903 formata,
810 2852 993 2892 nuculam
1048 2851 1388 2905 longitudinaliter
1443 2857 1633 2894 costatam
1684 2865 1705 2893 a
1754 2851 1840 2892 basi

161 2903 287 2943 solum
317 2903 459 2944 leviter
491 2904 669 2959 cingens.

231 3026 247 3044 ⁸*
267 3027 394 3055 Auctore
413 3030 602 3057 WILLKOMM.
