1960 3237
915 113 1009 158 158

197 236 239 270 In
261 235 419 271 arenosis
444 235 597 270 humidis
621 236 808 272 maritimis
833 233 1032 278 Hispaniae
1056 233 1224 268 australis
1248 231 1308 273 (ad
1331 231 1437 267 litora
1453 231 1610 278 Granat„
1634 233 1745 275 BSS.).
1762 253 1798 258 m

183 311 190 318 .
214 293 295 317 vere
319 288 354 317 et
377 287 467 317 auct.
495 286 542 316 (n.
567 286 622 321 vs).

153 290 179 324 a
196 329 286 363 Hab.
318 328 362 364 ad
395 329 462 364 litt.
488 328 620 374 Lusit,
646 327 758 372 Ga11.‚
784 326 882 370 Ital„
908 325 1022 371 Cors,
1049 325 1167 371 Sard.,
1194 325 1307 371 Sici1.,
1331 325 1459 371 Dalm.,
1486 325 1607 371 Pelop.
1633 331 1668 360 et
1691 325 1799 361 Afric.

151 375 314 411 borealis.

198 435 276 467 701.
311 434 354 467 ¹1¹.
380 435 636 466 maritimum
674 431 714 464 L.
739 430 820 464 Cod.
847 430 971 474 26101,
1008 429 1132 464 RCHB.
1159 430 1206 465 Ic.
1240 430 1264 465 1.
1290 441 1318 464 c.
1344 430 1366 464 f.
1392 431 1448 474 92,
1474 431 1551 465 932.
1592 431 1799 477 Robustum,

105 481 298 516 rhizomate
323 484 468 523 repente
492 479 636 521 fibroso,
669 476 859 521 phyllodiis
894 487 998 520 scapo
1024 476 1068 510 ad
1092 477 1193 512 basin
1217 476 1526 520 fibroso-vaginato
1552 479 1654 511 1—2‘
1678 478 1700 512 l.
1724 479 1802 513 bre-

104 527 265 570 vioribus,
290 525 436 561 floribus
460 524 641 570 permultis
665 524 701 557 in
725 533 901 557 racemum
926 523 1067 566 longum
1093 524 1239 559 densum
1263 515 1457 567 congestis,
1483 523 1664 568 pedicellis
1690 525 1801 560 brevi—

105 575 171 609 bus
193 573 334 618 patulis,
358 572 529 606 fructibus
554 569 706 605 ovoideis
733 570 1022 613 sexangularibus
1048 580 1066 603 e
1092 570 1259 605 folliculis
1285 572 1306 604 6
1330 571 1543 615 compositis.

196 620 239 653 In
262 619 418 654 arenosis
442 617 621 661 uliginosis
646 617 749 651 salsis
773 617 960 661 praecipue
985 616 1170 652 maritimis
1187 616 1363 660 frequens:
1390 618 1426 651 in
1444 617 1578 652 Gallec.
1603 617 1801 663 (Betanzos,

153 667 186 701 el
210 667 338 709 Burgo,
362 665 485 708 LGE.),
511 663 673 698 Cantabr.
700 663 892 702 (inundatis
917 663 961 697 ad
985 661 1169 698 fluviorum
1193 665 1293 707 ostia,
1321 664 1420 710 WK.,
1447 664 1653 709 Santander,
1678 664 1801 699 Portu-

153 713 285 757 galete,
311 712 442 753 ΕΘΗ),
469 711 602 753 Astur,
627 709 741 744 LAG.!
774 709 834 750 (ad
866 710 934 744 litt.
965 720 1018 753 pr.
1044 709 1166 754 Gijon,
1200 710 1332 757 DUR.),
1365 711 1497 746 Gallec.
1524 715 1566 751 (c.
1594 711 1799 755 Cambados,

151 760 339 801 Betauzos,
367 759 521 803 PLAN.),
561 757 652 792 Cast.
685 767 773 791 nova
807 766 872 801 (pr.
899 756 1030 799 Trillo,
1063 756 1188 800 ORT.),
1222 757 1332 793 Catal.
1366 761 1448 799 (›>en
1472 758 1523 793 los
1547 757 1675 802 prados
1701 758 1744 792 de
1768 758 1803 792 la

151 806 318 849 Llacuna,
344 804 490 843 COLM.).
518 823 559 827 —
588 811 623 841 21.
641 803 752 847 Majo,
777 803 894 838 Junio.
924 811 967 843 (v.
986 806 1042 843 v.).

198 852 285 886 Hab.
311 851 354 885 ad
377 851 443 885 litt.
470 855 576 893 atque
600 850 638 884 in
662 850 891 893 salsuginosis
918 849 1084 894 Europae
1109 849 1241 884 boreal.
1268 856 1303 885 et
1326 851 1475 894 mediae,
1500 850 1591 885 Gall.
1617 851 1739 886 atlant.
1766 856 1801 885 et

151 898 337 942 mediterr.,
359 896 437 932 Ital.
464 908 578 941 super.
605 902 640 931 et
664 896 878 932 Dalmatiae.

500 999 605 1044 Trib.
641 1001 688 1044 ll.
759 1001 1039 1045 Alismeae
1074 1000 1227 1046 ENDL.
1261 1011 1375 1046 Ench.

220 1078 341 1129 Calyx
356 1082 394 1116 et
416 1077 574 1117 corolla.
623 1077 794 1130 Embryo
816 1078 1037 1119 unc-inatus,
1085 1078 1190 1118 Folia
1213 1079 1339 1119 limb‘o
1357 1080 1609 1120 curvinervio
1635 1081 1796 1120 munita.

219 1162 418 1203 CLXXVI.
479 1162 670 1202 ALISMA
711 1164 753 1202 L.
797 1176 889 1217 gen.
934 1165 983 1216 pl.
1051 1165 1192 1204 Flores
1236 1165 1563 1218 hermaphroditi.
1629 1168 1801 1208 Stamina

123 1221 260 1272 ·-22‚
294 1220 471 1260 antheris
501 1221 621 1260 dorso
645 1220 785 1260 affixis.
847 1223 992 1262 Pistina
1015 1223 1134 1262 multa
1157 1224 1281 1263 libera
1306 1224 1539 1264 verticillata
1561 1238 1595 1264 v.
1620 1226 1801 1279 capitata.

105 1279 281 1321 Folliculi
313 1279 595 1330 monospermi.
654 1278 956 1320 Inssorescentia
989 1281 1467 1334 verticillato-pauiculata
1491 1295 1525 1323 v,
1548 1284 1801 1323 verticillato-

106 1349 312 1379 racemosa
345 1349 378 1375 v.
412 1336 638 1376 umbellam.

197 1406 275 1438 702.
310 1406 357 1437 A.
383 1405 588 1444 Plantago
625 1403 667 1437 L.
694 1403 775 1439 Cod.
803 1406 925 1449 26281,
961 1405 1087 1441 RCHB.
1111 1407 1159 1441 Ic.
1186 1406 1267 1449 VII,
1291 1406 1315 1441 f.
1343 1408 1436 1441 100!.
1484 1407 1665 1453 Erectum,
1689 1408 1804 1444 rhizo-

107 1456 199 1486 mate
223 1451 378 1494 bulboso,
405 1450 496 1485 foliis
521 1450 622 1493 longe
652 1451 835 1495 petiolatis
859 1452 1027 1487 rosulatis
1054 1464 1158 1498 scapo
1184 1456 1342 1495 1—2¹,.2‘
1360 1454 1381 1488 l.
1407 1453 1566 1488 fistuloso
1585 1454 1801 1491 brevioribus

106 1497 250 1533 floribus
283 1498 384 1539 longe
419 1497 642 1541 1)e(licellatis
676 1497 713 1531 in
745 1499 903 1543 cymulas
927 1500 1157 1535 verticillatas
1189 1506 1250 1535 aut
1273 1500 1318 1534 ad
1343 1501 1439 1545 scapi
1464 1501 1572 1535 nodos
1597 1507 1658 1535 aut
1682 1502 1726 1536 ad
1749 1514 1804 1537 ra-

106 1545 218 1580 mulos
250 1554 268 1578 e
301 1543 396 1588 scapi
430 1544 530 1578 nodis
560 1544 797 1580 verticillatim
834 1545 1037 1591 prodientcs
1077 1546 1274 1592 dispositis3
1308 1547 1490 1591 pedicellis
1521 1548 1735 1592 ramulisque
1761 1549 1805 1584 ad

105 1592 207 1627 basin
230 1592 393 1626 bracteas
418 1591 635 1626 acuminatas
661 1592 836 1627 scariosas
861 1593 1076 1637 gerentibus,
1100 1594 1229 1638 petalis
1253 1594 1344 1629 albis
1369 1606 1398 1628 v.
1422 1595 1544 1639 roseis,
1569 1594 1732 1631 folliculis
1749 1607 1803 1631 or-

103 1638 284 1673 biculatim
309 1643 343 1672 et
367 1637 588 1672 uniseriatim
612 1638 649 1671 in
673 1639 866 1684 capitulum
882 1639 1097 1688 §lepressum
1122 1641 1308 1686 congestis,
1332 1641 1433 1676 valde
1456 1642 1676 1686 compressis.

243 1697 278 1719 a.
312 1683 559 1718 latifolium
592 1683 720 1720 GREN.
753 1685 808 1721 Fl.
839 1685 900 1721 Fr'.
933 1687 1006 1732 ΙΙΙ,
1041 1688 1128 1724 165!
1169 1688 1350 1723 Foliorum
1384 1688 1513 1724 limbus
1544 1688 1616 1723 late
1645 1688 1806 1724 cordato-

311 1730 418 1765 ovalis
444 1732 673 1766 acuminatus.

240 1779 276 1820 β.
301 1777 737 1813 lanceolatumGREN.
763 1778 785 1812 1.
813 1789 840 1812 c.
858 1779 1039 1813 Foliorum
1060 1780 1189 1815 limbus
1213 1780 1431 1815 lanceolatus
1458 1781 1514 1825 (A.
1541 1781 1713 1825 Plantago
1729 1792 1801 1817 var.

313 1823 517 1903 Ilanceolata
541 1824 665 1859 RCHB.
691 1824 739 1860 Ic.
764 1825 787 1859 l.
812 1836 841 1860 c.
868 1825 890 1860 f.
917 1828 1000 1861 101!
1039 1827 1211 1871 Plantago
1237 1828 1402 1871 aquatica
1425 1828 1651 1871 angustifolia
1674 1828 1803 1864 BARR.

333 1882 361 1905 c.
389 1873 478 1905 1157
489 1874 520 1916 !).

196 1916 238 1950 In
262 1917 413 1961 aquosis,
437 1917 481 1951 ad
505 1917 619 1952 fossas
643 1922 678 1951 et
701 1917 850 1962 paludes
875 1918 1029 1962 regionis
1051 1919 1229 1955 inferioris
1253 1920 1362 1956 totius
1379 1920 1573 1965 Hispaniae
1596 1922 1740 1966 passim.
1758 1941 1803 1948 --

154 1971 189 2004 22.
214 1962 439 2009 ‹Ian—Sept.
465 1970 508 2004 (v.
532 1968 588 2001 v.).
641 1963 813 1999 »Llanten
839 1964 881 1999 de
906 1975 1032 2009 agua«.

198 2009 288 2044 Hah.
311 2021 377 2056 per
401 2021 536 2046 omnem
561 2009 752 2056 Europam.

198 2069 276 2101 703.
319 2071 368 2103 A.
402 2070 728 2103 ranunculoides
759 2067 800 2102 L.
834 2067 916 2103 Cod.
952 2070 1060 2104 2633!
1094 2069 1218 2105 RCHB.
1252 2070 1300 2104 Ic.
1335 2070 1358 2104 l.
1385 2081 1412 2105 c.
1437 2070 1460 2105 f.
1486 2072 1547 2106 97!
1580 2071 1749 2106 Erectum
1773 2083 1802 2106 v.

108 2115 358 2157 procumbens,
389 2116 584 2150 rhizomate
616 2114 762 2158 fibroso,
794 2115 888 2150 foliis
918 2115 1125 2151 lanceolatis
1161 2129 1190 2152 v.
1222 2116 1573 2153 lineari-lanceolatis
1597 2118 1804 2154 acuminatis

70 2187 75 2193 .
107 2161 282 2196 trinerviis
316 2162 418 2206 longe
451 2162 631 2207 petiolatis
659 2173 803 2206 scapum
835 2161 950 2196 debile
984 2163 1171 2209 3“—-1¹l2‘
1196 2163 1217 2199 l.
1244 2174 1350 2208 saepe
1375 2165 1624 2209 aequantibus,
1658 2164 1804 2200 floribus

105 2207 304 2250 longissime
335 2209 558 2253 pedicellatis
587 2208 631 2242 ad
663 2208 771 2244 nodos
797 2209 894 2254 scapi
919 2209 1019 2244 valde
1043 2216 1197 2246 remotos
1221 2212 1620 2256 cymoso-verticillatis‚
1656 2223 1699 2247 ex
1723 2212 1803 2247 albo

105 2255 224 2299 roseis,
249 2254 414 2291 folliculis
439 2255 623 2300 permultis
647 2255 861 2290 mucronatis
885 2256 1137 2300 pluriseriatim
1158 2257 1196 2292 in
1212 2258 1406 2303 capitulum
1423 2259 1604 2302 globosum
1619 2259 1804 2300 congestis.

243 2301 327 2335 Var.
365 2313 524 2347 repens
557 2301 685 2337 GREN.
718 2303 740 2337 l.
773 2314 802 2337 c.
838 2303 923 2338 166!
958 2304 1178 2346 Pluricaule,
1214 2305 1373 2340 caulibus
1407 2306 1553 2350 (scapis)
1589 2306 1803 2340 centralibus

314 2349 452 2394 erectis,
471 2349 599 2384 ceteris
612 2349 921 2394 procumbentibus
944 2355 979 2384 et
995 2351 1236 2386 radicantibus
1253 2357 1358 2396 atque
1376 2362 1394 2386 e
1412 2352 1511 2387 nodis
1528 2352 1613 2387 folia
1629 2351 1804 2396 floresque

314 2394 495 2431 edentibus
521 2395 577 2437 (A.
604 2406 729 2441 repens
755 2395 850 2430 CAV.
875 2396 923 2430 Ic.
948 2397 976 2439 I,
1001 2402 1026 2431 t.
1054 2399 1138 2434 551).

198 2437 240 2471 In
272 2440 467 2487 paludosis,
500 2442 678 2478 inundatis
712 2443 915 2486 stagnisque
943 2444 1099 2486 regionis
1132 2444 1308 2479 inferioris
1340 2454 1404 2488 per
1435 2455 1573 2483 omnem
1598 2445 1672 2479 sine
1699 2444 1803 2479 dubio

152 2484 370 2529 Hispaniam.
397 2489 457 2522 sed
475 2499 571 2524 raro:
598 2490 634 2523 in
647 2489 780 2524 Gallec.
795 2489 945 2532 (Ferrol,
961 2490 1139 2535 Santiago,
1157 2491 1267 2534 Lugo,
1290 2490 1400 2536 Lon,
1419 2502 1470 2534 pr.
1491 2491 1634 2529 Orense.
1652 2491 1804 2536 PLAN),

152 2532 271 2566 Astur.
297 2532 431 2577 (Gijon,
467 2535 600 2580 ΒΗΚ),
627 2536 792 2572 Cantabr.
818 2536 1047 2581 <Santander,
1074 2537 1204 2581 ΒΘΗ),
1241 2542 1390 2581 utraque
1416 2537 1509 2573 Cast.
1536 2538 1583 2577 (S.
1609 2538 1735 2572 Rafael
1761 2538 1803 2572 «le

156 2577 417 2624 Guadarrama,
443 2581 583 2627 COLM.,
616 2583 922 2628 Migascalientes,
956 2583 1129 2628 PROL.!),
1161 2585 1315 2628 Aragon.
1341 2588 1383 2624 (c.
1410 2584 1654 2629 Saragossam,
1689 2586 1802 2628 Ass),

157 2624 281 2668 Catal.,
301 2626 435 2669 COLM.,
457 2638 562 2671 regno
587 2629 676 2675 Val.,
701 2630 809 2673 CAV.,
834 2629 980 2665 Granat.
1006 2630 1111 2669 (Serr.
1134 2630 1176 2665 de
1200 2630 1335 2673 Ronda,
1361 2631 1458 2675 BSS.,
1482 2631 1527 2666 ad
1551 2631 1586 2666 fl.
1613 2631 1804 2676 Guadiaro,

156 2671 247 2705 inter
270 2672 303 2706 S.
329 2672 450 2716 Roque
476 2681 510 2708 et
534 2675 728 2721 Algeciras‚
754 2676 876 2723 WK.),
901 2696 947 2701 —
975 2687 1047 2711 var.
1079 2678 1113 2711 iu
1138 2688 1221 2720 agro
1245 2677 1388 2713 Madrit.
1414 2678 1474 2718 (ad
1497 2678 1532 2713 fl.
1558 2679 1803 2723 Manzanares,

156 2717 238 2752 Soto
263 2717 306 2753 de
323 2719 621 2766 Migascalientes,
646 2723 755 2764 CAV.)
783 2729 818 2758 et
835 2723 979 2769 Gallec.,
1004 2723 1128 2758 PLAN.
1153 2744 1198 2749 -
1225 2733 1260 2764 Δ.
1286 2725 1494 2769 Ap1·.—Jul.
1519 2729 1563 2766 (v.
1587 2730 1643 2766 v.).
1696 2725 1803 2759 »Jun-

158 2774 300 2808 quera«.

201 2810 291 2846 Hab.
318 2811 454 2856 species
478 2812 558 2848 hinc
582 2815 661 2850 inde
685 2816 721 2850 in
745 2817 871 2860 Lusit,
897 2817 1009 2859 Gall..
1035 2817 1132 2863 Brit,
1158 2817 1259 2859 Da11.,
1286 2817 1402 2864 Goth,
1429 2819 1575 2864 Europa
1592 2819 1693 2860 med..
1719 2819 1798 2855 Ital.

157 2856 290 2904 Dalm.;
315 2869 387 2893 var.
413 2859 520 2894 etiam
544 2860 579 2894 in
604 2862 725 2897 Africa
748 2864 892 2899 boreali.

205 2917 282 2950 704.
316 2918 363 2950 A.
389 2920 544 2953 natans
568 2917 608 2953 L.
636 2920 716 2954 Cod.
743 2923 851 2957 2632!
884 2921 1006 2957 ROHB.
1032 2921 1079 2956 Ic.
1104 2922 1127 2956 1.
1153 2933 1180 2956 c.
1206 2922 1227 2956 f.
1254 2924 1315 2958 95!
1351 2922 1659 2967 Heterophyllum,
1686 2923 1800 2958 rhizo-

110 2967 204 2996 mate
234 2961 381 3009 fibroso,
418 2964 511 2999 foliis
545 2965 757 3002 basilaribus
792 2969 982 3004 submersis
1016 2969 1051 3002 in
1076 2968 1258 3013 phyllodia
1290 2970 1438 3004 linearia
1475 2980 1580 3013 saepe
1612 2969 1804 3014 praelonga

112 3008 349 3049 commutatis,
385 3009 484 3045 caule
523 3010 669 3046 flaccido
701 3012 862 3050 fluitante
893 3026 912 3049 e
936 3014 1035 3051 nodis
1060 3015 1144 3049 folia
1168 3016 1395 3061 subopposita
1419 3016 1576 3062 elliptica
1601 3028 1628 3050 v.
1654 3017 1803 3060 oblonga
