1960 3237
911 109 1002 153 123

107 231 262 275 squamis
288 229 510 274 lanceolatis3
549 230 710 266 utriculis
736 229 929 265 fructiferis
959 229 1187 273 octastichis,
1225 229 1557 266 ovali-lanceolatis
1596 231 1808 277 compressis

107 278 243 314 striatis
267 277 600 322 subpulverulentis,
623 282 739 313 rostro
765 277 969 311 abbreviato
995 277 1099 312 tereti
1124 277 1273 319 integro.

200 325 240 359 In
265 324 446 369 paludosis
471 324 701 359 Catalauniac
725 324 887 363 (COLM.›,
913 324 1067 367 Aragon.
1095 324 1216 363 (ASS.)
1251 328 1286 359 et
1316 323 1499 368 utriusque
1533 324 1676 359 Castell.
1703 324 1809 365 (Gua-

155 373 332 416 darrama,
357 371 468 415 LGE.,
494 371 527 405 la
552 371 698 415 GranJ'a,
725 370 874 410 Coma).
901 391 945 395 —-
972 379 1007 412 a.
1034 371 1135 417 Apr.,
1163 371 1262 416 Majo
1287 379 1334 411 (n.
1359 375 1415 412 v.).

200 419 291 454 Hab.
315 419 352 453 in
376 418 523 463 Europa
547 419 620 454 bor.
645 424 680 453 et
705 417 795 453 med.
821 418 925 463 omni,
951 418 1031 453 Ital.
1056 419 1142 463 bor.,
1170 417 1332 453 Graecia.

202 490 279 523 542.
314 490 356 523 C.
383 492 507 523 acuta
530 487 601 523 FR.
626 491 734 522 mant.
761 487 826 522 III.
856 489 931 522 151.
965 487 1090 522 RCHB.
1118 488 1166 523 Ic.
1191 488 1214 522 l.
1233 499 1261 523 c.
1288 487 1310 522 f.
1330 488 1428 522 584!.
1463 485 1593 522 Differt
1610 486 1812 532 apraeced.

107 536 302 571 rhizomate
333 535 552 575 stolonifero,
590 534 715 570 culmis
749 534 793 569 ad
825 535 934 570 facies
964 535 1100 580 planis,
1139 534 1233 570 foliis
1271 535 1364 570 laete
1395 533 1567 569 viridibus
1599 534 1813 579 praelongis,

107 583 243 627 vaginis
280 582 419 617 demum
456 581 550 617 fissis
590 581 651 617 sed
688 593 757 616 non
793 582 1011 627 reticulatis,
1049 582 1156 627 spicis
1194 582 1362 618 masculis
1398 581 1606 626 plerumque
1642 580 1814 626 pluribus,

110 630 270 665 femineis
296 639 401 674 saepe
426 629 527 674 apice
551 629 729 673 masculis,
755 629 915 664 omnibus
941 628 1339 674 elongato—cylindricis‚
1363 629 1508 664 bractea
1524 628 1648 663 infima
1664 627 1816 663 foliacea

108 678 241 723 spicam
266 677 459 712 masculam
483 681 657 720 aequante
680 688 711 710 v.
737 681 944 721 superante,
978 676 1140 712 utriculis
1172 676 1362 711 fructiferis
1401 675 1569 721 ellipticis
1602 675 1815 721 compressis

111 725 278 769 utrinque
303 723 465 759 convexis
491 728 525 758 et
550 723 858 759 nervoso-striatis.
885 744 929 748 —
956 723 1070 758 Culmi
1097 724 1132 757 1¹
1139 724 1259 766 [2—3‘
1284 723 1306 758 l.
1334 722 1459 759 stricti.

202 771 244 806 In
266 770 449 816 paludosis
475 780 554 804 cum
578 770 824 816 praecedente.
850 789 895 795 —-
923 778 958 811 21.
984 770 1086 815 Majo
1111 780 1158 809 (n.
1185 773 1240 811 v.).

201 818 292 854 Hab.
318 819 355 853 in
377 823 454 853 tota
478 817 635 864 Europa.

779 875 817 896 ²¹⁶*
865 875 1039 920 Stigmata
1062 875 1142 911 tria.

297 958 328 981 a.
370 931 522 981 Utriculi
548 945 723 981 fructiferi
747 945 874 990 glabri.
922 946 1073 982 Bractea
1096 945 1218 981 infima
1243 946 1279 980 in
1303 945 1466 990 vaginam
1490 944 1624 979 abiens.

204 1019 282 1052 543.
319 1018 364 1052 C.
389 1018 539 1059 glauca
563 1015 677 1051 SCOP.
703 1016 758 1051 Fl.
784 1027 878 1052 carn.
904 1016 950 1051 ΙΙ.
977 1017 1056 1050 223.
1099 1016 1223 1050 ROHB.
1252 1015 1299 1051 Ic.
1325 1013 1435 1059 VIII,
1468 1014 1489 1048 f.
1517 1014 1617 1048 648!.
1668 1011 1819 1047 Stoloni-

110 1067 194 1109 fera,
221 1064 346 1099 culmis
377 1062 573 1107 ¹l2—1¹l2‘
591 1062 613 1097 l.
640 1063 768 1098 erectis
791 1064 916 1099 obtuse
942 1063 1100 1108 trigonis,
1124 1063 1218 1098 foliis
1242 1062 1365 1106 rigidis
1390 1061 1505 1106 planis
1523 1060 1675 1105 glaucis3
1703 1059 1814 1104 spicis

110 1112 277 1148 masculis
317 1113 408 1145 1—-3
445 1109 666 1154 aggregatis,
706 1110 866 1145 femineis
906 1112 997 1144 2——3
1034 1110 1180 1145 remotis
1220 1108 1442 1155 cylindricis,
1482 1107 1604 1142 infima
1640 1106 1821 1143 interdum

112 1159 316 1204 longissime
341 1157 590 1203 pedunculata,
616 1157 762 1192 bractea
786 1157 906 1192 infima
930 1157 1081 1192 foliacea
1105 1157 1222 1202 spicas
1246 1156 1423 1192 masculas
1450 1155 1669 1198 attingente,
1695 1153 1823 1197 glumis

113 1207 273 1242 femineis
298 1205 431 1249 ovatis3
457 1203 620 1239 utriculis
645 1203 839 1240 fructiferis
863 1204 1196 1249 obovato-ellipticis
1221 1203 1444 1249 compressis,
1468 1202 1632 1246 utrinque
1650 1200 1824 1245 convexis,

110 1253 333 1298 marginatis,
357 1251 521 1296 enerviis,
547 1256 663 1286 rostro
688 1252 892 1287 abbreviato
918 1251 1034 1286 tereti.

254 1312 289 1335 α.
324 1299 513 1342 genuina
554 1297 684 1333 GODR.
727 1299 750 1334 l.
786 1310 815 1334 c.
851 1299 949 1333 405!.
1000 1297 1148 1332 Glumae
1194 1297 1372 1332 masculae
1417 1295 1617 1340 spadiceae.
1668 1293 1824 1330 Utriculi

317 1346 470 1381 virentes
492 1345 649 1390 undique
674 1346 838 1391 scabridi,
865 1346 1052 1391 conspicue
1077 1344 1289 1389 compressi,
1314 1344 1451 1387 glumas
1476 1346 1682 1387 aequantes.

252 1393 290 1436 β.
316 1393 563 1437 Leiocarpa
588 1392 677 1428 WK.
727 1393 853 1438 Spicae
883 1393 1062 1429 masculae
1087 1393 1196 1436 2—4,
1232 1391 1359 1434 glumis
1394 1389 1618 1434 ferrugineis.
1667 1386 1825 1440 Utriculi

319 1441 438 1484 gluma
473 1439 648 1484 longiores
682 1453 713 1475 v.
747 1440 927 1476 breviores
965 1438 1284 1484 trigono-elliptici
1321 1437 1506 1474 subinflati
1540 1437 1678 1481 laeves,
1726 1444 1826 1481 aplce

321 1497 427 1532 saepe
452 1487 678 1531 nigricantes.
706 1507 745 1511 —
773 1488 830 1522 An
856 1498 949 1532 spec.
976 1486 1171 1522 distincta?

205 1533 247 1568 In
271 1535 384 1579 pratis
402 1534 680 1578 graminosisque
698 1534 968 1570 humidiusculis
984 1533 1182 1579 Hispaniae
1199 1531 1365 1575 borealis,
1391 1531 1453 1565 ubi
1471 1530 1650 1574 regionem
1666 1528 1824 1563 inferior.

159 1587 308 1626 occupat
343 1585 395 1621 (a.
420 1587 456 1616 et
489 1584 526 1621 β.
559 1581 596 1615 in
620 1580 754 1616 Gallec.
787 1588 822 1617 et
858 1581 1023 1617 Cantabr.
1056 1581 1167 1624 frequ.
1202 1578 1310 1622 WK.,
1346 1578 1477 1622 LGE.),
1515 1577 1631 1612 rarius
1659 1576 1697 1611 in
1722 1575 1817 1610 Cast.

159 1627 431 1673 ffiuadarrama,
469 1627 651 1673 EscOrial,
682 1628 814 1670 LGE.),
849 1628 962 1664 Catal.
995 1631 1037 1669 (c.
1071 1626 1258 1662 Barcinon.
1293 1625 1401 1671 WK.,
1437 1625 1580 1667 COLM.,
1607 1623 1764 1663 CSTA.!)
1788 1627 1825 1657 et

157 1685 266 1719 regno
291 1675 436 1711 Granat.
462 1675 523 1709 ubi
547 1675 584 1709 in
608 1685 679 1719 reg.
706 1676 843 1721 subalp.
870 1681 906 1710 et
928 1675 1049 1720 alpina
1073 1674 1225 1710 occurrit
1250 1672 1298 1713 (S.
1324 1671 1472 1707 Nevada
1496 1671 1542 1707 ad
1557 1671 1823 1714 4500—-8000‘,

158 1723 258 1767 BSS.,
283 1722 385 1768 WK.,
410 1722 512 1767 FK.!,
539 1722 572 1756 S.
599 1721 642 1756 de
667 1722 823 1769 Alfacar,
846 1722 962 1761 LGE.)
987 1742 1031 1747 —
1059 1729 1096 1764 Ζι.
1122 1719 1344 1766 Majo-Jul.
1371 1723 1414 1760 (v.
1440 1723 1497 1761 v.).

205 1769 297 1805 Hab.
322 1780 387 1816 per
410 1774 521 1807 totam
546 1768 744 1816 Europam.

209 1828 288 1863 544.
323 1830 364 1863 C.
391 1829 650 1863 claviformis
686 1828 831 1864 HOPPE
857 1838 913 1873 ap.
940 1827 1083 1862 STURM
1107 1826 1218 1861 Caric.
1245 1827 1300 1860 68.
1343 1825 1470 1860 RCHB.
1497 1823 1545 1858 Ic.
1571 1822 1593 1858 1.
1621 1833 1649 1858 c.
1674 1821 1697 1856 f.
1724 1821 1827 1873 6501.

114 1873 243 1910 Differt
274 1885 295 1910 a
325 1874 489 1920 praeced.
521 1875 712 1920 praecipue
748 1875 879 1919 glumis
912 1874 1073 1910 femineis
1116 1872 1434 1909 ovali-lanceolatis
1472 1871 1576 1914 longe
1611 1873 1829 1921 mucronatls

113 1922 230 1957 fructu
253 1922 515 1966 angustioribus
540 1928 576 1957 et
600 1922 830 1967 longioribus,
856 1922 1019 1957 utriculis
1044 1920 1239 1956 fructiferis
1265 1919 1433 1966 ellipticis
1451 1916 1654 1953 subinflatis
1671 1915 1829 1968 laewbus

113 1981 143 2004 v.
170 1969 215 2004 ad
238 1970 416 2014 margines
441 1970 576 2005 scabris
601 1969 893 2014 atrosanguineis.
940 1968 1044 2004 Folia
1067 1967 1246 2004 viridiora.
1273 1987 1316 1992 —
1342 1967 1402 2002 An
1429 1966 1547 2012 potius
1583 1962 1829 2010 praecedentis

114 2016 293 2052 varietas?
320 2037 360 2049 -ψ,

171 2104 188 2113 ..
207 2063 249 2098 In
273 2064 481 2107 graminosis
504 2063 659 2100 humidis
682 2063 835 2107 regionis
858 2067 965 2097 mont.
991 2066 1027 2097 et
1052 2062 1229 2107 subalpin.
1267 2060 1468 2105 Aragoniae
1503 2058 1551 2099 (S.
1580 2057 1676 2092 Juan
1713 2055 1756 2091 de
1793 2055 1830 2090 la

115 2111 230 2156 Pena,
253 2111 359 2146 Peffia
382 2111 425 2145 de
448 2110 553 2146 Oroel
577 2111 621 2146 ad
645 2111 706 2146 alt.
732 2111 988 2155 2500—4500‘,
1014 2108 1130 2150 WK.).
1158 2129 1202 2134 --
1228 2117 1265 2150 λι.
1290 2108 1372 2143 Jun.
1400 2110 1443 2148 (v.
1468 2110 1524 2147 v.).

212 2157 303 2192 Hab.
327 2157 366 2192 in
390 2157 510 2203 Alpib.
536 2157 732 2203 Helvetiae,
759 2157 920 2203 Carniae,
946 2156 1164 2192 Carinthiae.

212 2216 289 2249 545.
324 2217 367 2250 G.
394 2218 602 2251 serrulata
634 2216 718 2250 ΒΝ.
751 2215 848 2250 Cent.
880 2220 915 2250 et
946 2215 1038 2250 SPR.
1073 2215 1168 2261 Syst.
1201 2218 1312 2258 veget.
1339 2212 1414 2255 III,
1448 2212 1517 2244 827
1553 2209 1604 2249 (C.
1640 2207 1768 2252 glauca
1792 2218 1828 2252 2²-

117 2261 267 2298 bulbosa
290 2261 412 2298 DREJ.
447 2263 564 2307 Symb.
588 2263 691 2298 caric.
716 2268 751 2298 et
775 2263 872 2297 KZE.
898 2262 933 2296 in
957 2262 1067 2297 Flora
1093 2263 1195 2305 1846,
1234 2274 1267 2305 p.
1295 2261 1403 2300 7381).
1440 2257 1573 2292 Differt
1597 2266 1621 2309 a
1644 2255 1680 2290 C.
1704 2254 1830 2297 glauca

119 2309 292 2353 genuina,
333 2310 390 2344 cui
423 2310 549 2345 habitu
579 2311 759 2355 proxima,
800 2310 992 2355 praecipue
1025 2309 1152 2353 glumis
1186 2307 1349 2343 femineis
1384 2304 1579 2349 majoribus
1613 2314 1649 2337 m
1683 2311 1831 2354 acumen

117 2357 258 2400 longum
283 2356 436 2391 fructum
461 2364 687 2402 superantem
711 2356 893 2401 productis
925 2356 1029 2392 dorso
1062 2357 1151 2392 vitta
1182 2355 1287 2389 viridi
1321 2354 1397 2388 lata
1433 2351 1566 2387 notatis
1600 2355 1636 2403 et
1666 2348 1830 2403 utriculis

118 2403 310 2439 fructiferis
335 2404 650 2440 ovali-lanceolatis
676 2404 824 2447 trigonis
848 2403 1015 2448 utrinque
1039 2403 1234 2439 attenuatis
1259 2400 1433 2441 (laevibus
1457 2411 1490 2434 v,
1514 2396 1720 2437 scabrldls).
1748 2443 1754 2449 ι

211 2451 254 2486 In
278 2451 419 2496 pascuis
443 2452 586 2487 collium
608 2452 763 2496 regionis
788 2451 923 2486 calidae
948 2451 1144 2496 Hispaniae
1170 2448 1338 2485 australis
1365 2446 1517 2493 passim:
1545 2456 1598 2491 pr.
1625 2444 1829 2488 Algeclras,

166 2498 336 2533 Chiclana
360 2503 424 2533 etc.
452 2497 583 2540 (VVK.)
614 2520 658 2543 —‚
681 2507 716 2540 22.
743 2498 877 2534 Martio
902 2501 945 2539 (V.
971 2502 1028 2540 v.).

211 2544 303 2580 Hab.
329 2545 437 2580 etiam
461 2545 497 2580 in
522 2545 748 2591 Sicil.,‘1‘tal.,
774 2545 934 2581 Graecia.

216 2614 295 2648 546.
330 2616 372 2649 C.
399 2617 586 2650 maxima
609 2615 722 2651 SGOP.
753 2615 808 2649 Fl.
838 2626 932 2650 carn.
959 2615 1006 2649 II.
1033 2615 1101 2648 229
1135 2612 1185 2652 (C.
1212 2610 1368 2656 pendula
1402 2609 1546 2652 HUDS.,
1579 2607 1706 2642 Rcmz.
1734 2605 1781 2640 Ic.
1802 2604 1828 2657 l.

123 2674 152 2698 c.
178 2660 201 2694 f.
228 2661 332 2704 604!,
368 2660 404 2695 C.
430 2662 655 2709 Agastachys
681 2663 840 2697 EHRHA.
889 2662 1069 2706 Robusta,
1106 2658 1230 2695 culmis
1257 2657 1415 2700 1¹l2-4‘
1440 2657 1462 2691 l·
1490 2655 1621 2692 craSSiS
1646 2654 1830 2704 triqUssPl‘lS

123 2708 271 2751 erectis,
308 2707 403 2742 foliis
436 2708 681 2745 arundinaceis
712 2710 829 2755 planis
860 2711 988 2744 4—8¹¹‘
1018 2709 1078 2743 lat.
1116 2705 1348 2749 longissimis3
1389 2705 1487 2748 spica
1522 2701 1680 2753 mascula
1716 2709 1829 2741 umca,

125 2755 286 2791 femineis
311 2756 404 2788 4—-7
426 2756 627 2799 praelongis
652 2757 857 2801 cylindricis
881 2755 1024 2792 remotis
1048 2752 1297 2799 pedunculatis
1329 2751 1513 2797 pendulis,
1549 2759 1692 2801 suminis
1725 2755 1831 2797 saepe

124 2803 222 2848 apice
253 2802 437 2845 masculis,
474 2803 633 2838 utriculis
669 2804 863 2839 fructiferis
895 2803 1013 2848 parvis
1040 2798 1436 2844 elliptico-lanceolatis
1469 2797 1655 2841 triquetris
1681 2803 1830 2827 enervus

124 2849 283 2885 laevibus
307 2849 514 2894 virentibus,
541 2855 654 2885 rostro
679 2851 775 2886 tenui
801 2851 993 2896 cylindrico
1020 2848 1185 2883 scarioso.

218 2896 262 2930 In
286 2896 386 2940 aquis
411 2896 506 2930 lente
531 2895 721 2933 fluentibus
746 2897 899 2941 regionis
924 2896 1080 2931 inferior.
1107 2899 1141 2929 et
1166 2897 1273 2928 mont.
1299 2892 1449 2937 passim:
1476 2891 1513 2925 in
1531 2888 1666 2941 Gallec.
1687 2884 1831 2931 (prados

174 2941 218 2976 de
241 2942 312 2978 Sta.
338 2943 469 2987 Lucia,
502 2943 644 2988 PLAN.,
679 2944 747 2978 Ria
778 2944 870 2989 Ulla,
904 2944 1034 2987 LGE.),
1073 2941 1237 2976 Cantabr.
1270 2939 1500 2981 (Santander,
1534 2935 1680 2978 Bilbao,
1717 2932 1829 2972 LGE.,

171 2988 280 3033 Yrun,
306 2989 421 3035 ΨΚ),
447 2990 544 3033 regni
568 2989 714 3025 Granat.
739 2990 929 3033 (Granada,
956 2988 1120 3024 Sem-ania
1145 2987 1187 3022 (le
1211 2986 1349 3030 Ronda,
1376 2985 1420 3021 ad
1446 2984 1643 3026 2—3000¹,
1674 2979 1830 3023 CLEM.!,

170 3036 268 3082 BSS.‚
293 3037 408 3079 Fm).
434 3057 478 3062 —
507 3046 541 3078 Δ.
568 3037 677 3082 Majo,
702 3037 808 3073 Junio
835 3039 877 3082 (v.
904 3041 959 3077 v.).
