1960 3237
875 79 968 123 2ll17

133 213 240 245 regno
262 202 419 247 Granat.,
444 203 504 237 ubi
528 202 573 237 ad
606 201 665 237 alt.
690 202 934 236 2500—5000‘
957 209 1066 244 usque
1101 199 1138 233 in
1161 198 1304 233 montib.
1330 198 1497 233 Serrania
1521 199 1563 233 de
1588 199 1711 234 Ronda
1735 204 1770 234 et

131 251 164 284 S.
191 249 332 284 Nevada
369 256 473 294 atque
511 249 546 284 in
583 249 713 286 ditione
749 249 801 283 las
826 247 1036 292 Alpujarras
1061 256 1204 280 nemora
1236 256 1347 290 parva
1370 245 1495 280 format
1520 247 1630 290 ‹BSS.,
1656 246 1769 287 WK.).

132 296 235 330 Culta
258 296 291 331 in
316 297 474 352 omnib-us
507 296 696 341 provinciis
720 295 907 341 reperitur.
933 314 978 319 —
1008 300 1040 331 b.
1066 293 1161 328 Flor.
1188 291 1288 337 Jun„
1314 291 1405 336 Ju1.,
1430 292 1471 326 fr.
1497 292 1618 328 Octob.
1646 294 1687 338 (v.
1713 298 1768 335 v.).

130 357 144 373 ,⁹
262 349 277 356 -

151 343 281 425 Cle-1133}n
284 354 409 435 θεὲ-θυῖε
433 390 471 425 in
495 389 586 425 omni
611 388 757 433 Europa
779 386 949 432 australi,
975 386 1069 422 culta
1094 386 1130 420 in
1154 385 1300 430 Europa
1326 384 1432 419 etiam
1456 385 1572 420 media
1596 391 1631 421 et
1653 386 1769 421 Amer.

129 436 274 471 boreali.

202 507 376 548 CCXLII.
411 506 572 547 FAGUS
607 503 894 546 Tounu.1nstit.
939 503 1077 543 Flores
1110 502 1273 543 masculi
1296 502 1334 541 in
1357 506 1513 541 amenta
1544 514 1576 542 s.
1603 503 1769 555 capitula

82 567 202 619 longe
249 566 510 618 pedunculata
553 563 724 617 pendula
769 561 953 615 congesti
999 560 1251 614 (pedunculis
1294 559 1524 599 axillaribus
1569 560 1766 600 interdum

83 624 328 674 bracteatis)‚
362 623 507 676 singuli
540 621 789 676 pedicellati,
822 619 1032 673 perigonio
1064 618 1335 671 campanulato
1369 617 1493 658 5-fid0
1516 619 1768 659 staminibus-

84 694 160 735 que
210 680 374 722 10—20
406 681 525 733 longe
570 679 744 719 exsertis
790 677 938 718 muniti.
1019 676 1157 717 Flores
1205 676 1366 716 feminei
1394 675 1516 716 .1—3
1563 677 1770 717 involucro

80 739 282 780 urceolato
329 738 663 791 subquadrilobo,
714 736 777 776 cui
823 737 1010 776 bracteae
1063 734 1268 775 filiformes
1331 733 1505 774 hirsutae
1550 735 1769 787 permultae

82 799 253 838 udnatae
285 803 400 847 sunt,
449 797 592 846 cincti3
639 795 785 847 singuli
831 793 1043 847 perigonio
1085 805 1172 832 cum
1219 792 1354 833 ovario
1399 797 1571 833 connato
1608 793 1770 832 limbum

84 856 252 896 liberum
286 855 509 896 laciniatum
545 855 773 907 elongatum
806 856 1000 905 gerente,
1034 855 1074 890 et
1103 851 1217 903 stylis
1251 849 1274 890 3
1307 849 1555 890 filisormibus
1586 851 1767 902 praediti.

84 914 224 954 Flores
259 913 419 953 feminei
462 924 548 952 cum
582 911 755 952 bracteis
788 911 872 951 suis
904 909 1072 962 capitula
1103 909 1222 962 longe
1254 908 1516 960 pedunculata
1549 909 1767 948 terminalia

85 976 218 1011 erecta
251 971 506 1011 constituunt.
567 969 714 1022 Cupula
745 967 920 1009 4-valvis
962 967 1104 1016 (valvis
1138 967 1183 1005 ad
1217 965 1384 1005 mediam
1416 978 1542 1018 usque
1586 968 1765 1006 connatis

80 1030 237 1070 demum
284 1029 485 1070 cruciatiin
531 1028 778 1081 patentibus)
826 1032 941 1067 extus
1001 1024 1177 1066 breviter
1224 1024 1426 1064 muricata.
1500 1024 1588 1064 Nux
1632 1030 1763 1065 ovato-

79 1089 287 1140 triquetra.

175 1167 276 1200 1008.
310 1168 355 1200 F.
382 1166 577 1199 silvatica
611 1163 653 1198 L.
687 1163 768 1198 Cod.
805 1164 914 1198 7230!
952 1162 1088 1196 ΜΑΤΗ.
1122 1161 1144 1196 l.
1169 1173 1198 1196 c.
1223 1173 1256 1205 p.
1283 1162 1367 1195 216!
1406 1159 1530 1194 ROHB.
1568 1160 1615 1195 Ic.
1642 1160 1663 1196 l.
1690 1172 1717 1196 e.
1743 1161 1765 1195 f.

81 1215 191 1248 1304!
241 1213 356 1248 Arbor
380 1211 537 1256 excelsa,
563 1212 738 1244 80—120‘
763 1211 853 1255 alta,
880 1215 1001 1244 trunco
1026 1214 1121 1243 recto
1145 1208 1351 1253 cylindrioo,
1385 1218 1484 1242 coma
1507 1213 1608 1242 ovata
1632 1218 1770 1243 ramosa

83 1260 226 1304 foliosa,
265 1259 395 1294 cortice
431 1257 519 1292 laevi
554 1257 677 1291 incano
712 1269 742 1291 v.
768 1257 898 1301 griseo3
935 1257 1027 1290 foliis
1059 1255 1239 1300 petiolatis
1272 1255 1397 1299 ovatis,
1430 1254 1706 1297 ovato-oblongis
1738 1267 1768 1289 v.

80 1307 258 1343 ovalibus.
284 1305 430 1349 integris
454 1317 484 1339 v.
509 1304 665 1339 obsolete
691 1303 844 1338 dentatis
869 1302 1064 1346 undulatis,
1094 1302 1307 1346 juvenilibus
1332 1302 1433 1344 longe
1460 1301 1604 1345 ciliatis,
1638 1301 1768 1337 adultis

79 1353 241 1397 utrinque
266 1352 417 1397 glabris,
443 1362 551 1396 supra
576 1356 732 1385 saturate
756 1350 926 1385 viridibus
952 1351 1073 1385 subtus
1098 1348 1356 1393 pallidioribus,
1386 1350 1501 1381 2—-3“
1526 1348 1616 1391 long.
1642 1353 1676 1382 et
1703 1351 1768 1382 l—

80 1401 173 1445 1¹J2⁰
199 1400 278 1445 lat.;
303 1399 449 1434 fioribus
474 1398 640 1433 masculis
665 1397 891 1441 flaventibus,
917 1397 1047 1442 oupula
1071 1396 1190 1430 clausa
1215 1396 1380 1439 oblonga,
1411 1395 1557 1429 nucibus
1583 1395 1767 1439 spadiceis.

218 1447 255 1486 β.
281 1446 538 1490 sanguinea.
586 1444 688 1479 Folia
713 1450 747 1479 et
771 1443 928 1488 capitula
951 1444 1101 1484 feminea
1125 1443 1261 1477 intense
1287 1442 1588 1487 purpurascentia.

169 1493 211 1527 In
236 1493 308 1528 solo
331 1493 451 1537 pingui
469 1491 714 1526 formationum
739 1492 921 1525 calcareae
939 1490 1131 1534 graniticae
1150 1490 1360 1532 schistosae,
1379 1489 1563 1523 arenariae
1577 1489 1612 1522 in
1627 1488 1767 1531 regione

122 1546 227 1575 mont.
241 1539 434 1584 Hispaniae
454 1538 586 1573 boreal.
611 1538 770 1573 oriental.
789 1543 824 1572 et
844 1537 1009 1572 centralis
1032 1537 1113 1570 hinc
1132 1535 1228 1570 inde:
1253 1536 1289 1569 in
1307 1535 1439 1571 Gallec.
1458 1535 1606 1579 (COLM.,
1632 1546 1713 1569 rara
1732 1541 1768 1571 ut

89 1616 95 1623 .
122 1586 290 1630 videtur),
316 1587 435 1621 Astur.
462 1585 626 1629 (PAST.),
652 1584 816 1619 Cantabr.
853 1583 945 1627 (inde
978 1584 1021 1617 ab
1048 1583 1108 1617 alt.
1134 1584 1235 1616 1500¹
1267 1582 1311 1616 ad
1343 1584 1447 1616 4500‘
1480 1593 1589 1625 usque
1622 1592 1764 1616 nemora

123 1634 294 1678 formans,
314 1633 428 1678 WK),
453 1632 615 1666 Navarra
631 1631 774 1675 (Puerto
791 1631 833 1666 de
851 1631 995 1665 Belatae
1019 1636 1123 1673 atque
1141 1630 1177 1663 in
1194 1629 1396 1674 Pyrenaeis,
1414 1629 1471 1662 ubl
1490 1639 1631 1663 nemora
1654 1634 1763 1673 vasta,

124 1680 237 1725 WK.),
262 1681 415 1723 Aragon.
441 1679 489 1722 (in
513 1678 630 1713 vallib.
654 1679 915 1723 Pyrenaeorum
940 1677 984 1711 ad
1009 1677 1069 1711 alt.
1097 1678 1338 1710 3500—4000¹
1364 1686 1491 1721 usque,
1531 1676 1566 1709 in
1591 1676 1765 1710 montibus

122 1727 323 1771 Aragoniae
356 1726 526 1771 superior.
553 1725 701 1771 passim,
726 1737 756 1759 v.
782 1736 809 1760 c.
835 1736 887 1769 pr.
914 1724 946 1758 S.
972 1723 1067 1757 Juan
1091 1723 1133 1757 de
1159 1724 1194 1756 la
1218 1723 1314 1757 Pena
1330 1752 1337 1765 ,
1365 1721 1464 1765 WK,
1490 1723 1525 1756 in
1552 1722 1664 1756 latere
1690 1732 1766 1756 ara-

123 1774 267 1817 gonensi
292 1774 430 1808 Sierrae
455 1772 497 1807 de
522 1772 694 1816 Moncayo
718 1772 810 1806 inter
834 1771 895 1806 alt.
921 1771 1106 1814 2-3000‘,
1138 1769 1197 1804 ubi
1231 1769 1319 1803 silva
1344 1775 1489 1803 extensa
1515 1769 1765 1814 pulcherrima,

121 1821 221 1865 ASS„
248 1820 372 1865 WK.),
399 1819 541 1854 montib.
567 1819 752 1863 Carpetan.
779 1818 883 1858 (valle
908 1817 950 1851 de
976 1817 1133 1861 Lozoya,
1170 1816 1230 1850 ubi
1255 1827 1357 1859 rara,
1392 1816 1471 1851 aliis
1496 1816 1680 1850 arboribus
1705 1815 1765 1849 ad-

121 1868 246 1910 mixta,
274 1867 386 1911 WK.),
413 1866 568 1901 Castella
592 1870 657 1900 vet.
683 1870 724 1905 (c.
750 1865 785 1899 la
809 1865 961 1908 Granja,
1003 1869 1189 1898 montanas
1223 1861 1265 1897 de
1297 1863 1448 1906 Burgos,
1475 1862 1623 1905 Com),
1651 1862 1765 1897 Catal.

123 1914 313 1959 (Monseni,
350 1914 474 1959 Pyren.
512 1913 660 1955 COLM.),.
686 1932 729 1937 —
770 1913 806 1948 β.
833 1911 928 1947 culta
962 1910 997 1944 iu
1033 1910 1156 1945 hortis.
1195 1929 1239 1934 —
1277 1914 1309 1948 ῖι.
1337 1909 1432 1944 Flor.
1459 1909 1543 1954 Apr.
1569 1908 1684 1953 Majo,
1721 1909 1765 1944 fr.

122 1962 297 2006 Septemb.
324 1965 366 2000 (v.
391 1960 447 2005 v.).
500 1960 658 2005 »Haya«,
684 1959 836 1994 Castell..
867 1957 996 2001 »Fatg,
1021 1957 1131 1991 Faix«
1162 1955 1272 1990 Catal.

166 2007 257 2043 Hah.
274 2009 310 2042 in
327 2007 428 2052 Gall„
447 2007 593 2051 Britan,
612 2006 773 2042 Scandin.
793 2004 924 2050 merid.,
943 2004 1074 2048 Dania,
1094 2003 1240 2048 Europa
1256 2001 1344 2037 med.
1363 2002 1466 2047 omni,
1485 2002 1577 2047 Ital„
1597 2001 1761 2046 Dalmat„

125 2054 243 2099 Ture,
270 2055 394 2090 Graec.
420 2054 566 2089 boreali.

421 2175 531 2219 Fam.
567 2174 644 2218 ἰιίι.
706 2171 1049 2217 PLATANEAE
1083 2171 1270 2218 LESTIB.
1312 2164 1350 2213 ²³3.

195 2275 375 2316 Arbores
406 2274 527 2314 ramis
561 2273 734 2326 sparsis,
778 2272 883 2312 foliis
915 2271 1080 2311 alternis
1112 2270 1311 2324 petiolatis
1344 2268 1606 2322 palmatilobis
1638 2268 1761 2320 stipu-

76 2333 179 2382 latis,
214 2333 370 2386 stipulis
404 2345 494 2373 mox
526 2331 880 2371 marcescentibus.
924 2330 1060 2369 Flores
1094 2328 1290 2377 monoici,
1326 2328 1535 2380 perigonio
1559 2332 1759 2377 carentes,

79 2392 243 2431 masculi
277 2397 316 2432 et
349 2391 507 2431 feminei
540 2390 579 2429 in
600 2393 754 2428 amenta
779 2387 945 2441 globosa
977 2387 1096 2441 longe
1131 2387 1302 2438 stipitata
1335 2384 1504 2437 pendula
1538 2384 1762 2436 pedunculo

78 2450 273 2490 terminali
305 2449 502 2489 communi
534 2448 682 2487 inserta
714 2447 908 2499 congesti.
971 2447 1140 2485 Amenta
1176 2458 1197 2483 e
1230 2444 1398 2483 bracteis
1440 2443 1641 2482 chronicis
1674 2455 1760 2482 car-

78 2508 188 2546 nosis
221 2507 354 2547 rhachi
385 2506 551 2559 globosa
583 2505 770 2554 insertis,
815 2505 918 2543 inter
961 2515 1058 2556 quas
1099 2507 1164 2541 aut
1196 2502 1361 2541 stamina
1394 2506 1459 2540 aut
1490 2500 1629 2553 pistilla
1663 2513 1757 2552 per-

79 2565 197 2605 multa
229 2565 419 2604 collocata
452 2570 565 2614 sunt,
613 2562 843 2614 composita.
907 2562 1076 2601 Stamina
1108 2560 1231 2599 libera
1265 2559 1470 2599 filamentis
1502 2559 1756 2609 abbreviatis,

77 2623 252 2662 antheris
297 2621 599 2671 bilocularibus,
653 2620 886 2660 connectivo
924 2619 1152 2659 subclavato
1197 2617 1307 2670 apice
1351 2617 1522 2669 peltatim
1563 2621 1755 2656 truncato.

79 2680 225 2720 Pistilla
256 2680 446 2720 obconica
470 2680 620 2732 pilosa,
654 2679 795 2718 fertilia
826 2690 916 2718 cum
938 2676 1139 2716 sterilibus
1171 2675 1309 2724 mixta,
1343 2676 1479 2715 ovario
1511 2675 1758 2724 uniloculari,

79 2738 181 2790 stylo
214 2737 442 2778 sublaterali
472 2737 889 2790 elongato-subulam,
932 2736 1114 2788 stigmate
1158 2733 1357 2773 uncinato.
1419 2732 1591 2772 Nuculae
1625 2743 1760 2771 mono-

80 2807 262 2848 spermae
304 2796 522 2835 coriaoeae.
588 2795 732 2835 Semon
773 2792 986 2847 pendulum
1030 2791 1271 2844 epispermio
1303 2791 1606 2830 membranaceo
1638 2793 1677 2828 et
1707 2789 1759 2828 al·

79 2854 239 2893 humine
271 2865 441 2894 carnoso
471 2852 675 2904 munitum,
708 2853 748 2892 in
779 2853 890 2906 cujus
923 2855 1061 2891 centro
1092 2850 1256 2901 embryo
1287 2849 1506 2902 antitropus
1539 2845 1757 2899 codyledo-

82 2911 195 2951 nibus
227 2910 367 2964 planis.

167 3012 183 3029 ³²
202 3012 331 3038 Auctore
350 3013 541 3037 WlanoMM.
