1960 3237
971 119 1092 155 XVIII
1151 75 1167 102 ι

197 252 316 286 CABR.
343 262 383 278 z
410 248 623 282 CABRERA,
659 239 849 281 Antonius,
887 234 1071 270 canonicus
1112 231 1307 265 Gaditanus
1346 228 1544 262 defunctus,
1578 223 1637 268 qui
1675 221 1878 256 herbarium

333 295 374 329 de
413 293 499 327 flora
535 289 679 324 Baetica
709 284 863 327 collegit,
902 281 1000 324 cujus
1034 279 1229 321 fragmenta
1260 277 1295 310 in
1332 273 1496 309 herbario
1528 272 1705 305 JOANNIS
1730 267 1879 310 CHAPE,

333 337 624 385 pharmacopolae
667 331 831 367 Gaditani
871 333 906 361 ct
945 325 1114 360 historiae
1155 323 1326 358 naturalis
1367 318 1595 366 professoris,
1643 319 1878 350 asservantur.

335 387 471 422 Multae
495 384 600 418 etiam
624 380 764 425 plantae
789 388 810 410 a
833 374 1031 408 CABRERA
1054 371 1165 406 lectae
1191 371 1225 404 in
1250 369 1424 403 herbar-iis
1449 363 1640 409 Agardhii,
1673 358 1881 396 Haenseleri

336 440 370 468 et
394 429 577 467 Bouteloui
601 430 781 462 contentae
808 426 895 456 sunt.

199 493 388 533 CAMP4=
419 489 576 530 ΟΑΜΡΟ7
607 483 720 517 Pedro
746 479 818 521 del,
851 477 990 522 plantes
1027 475 1069 508 de
1107 474 1143 507 la
1181 473 1342 518 province
1379 471 1421 505 de
1458 467 1619 503 Grenade
1644 465 1779 509 (1852),
1815 462 1884 497 dis-

337 538 416 572 trib.
442 546 507 580 par
532 531 794 579 E.—Bourgeau,
831 530 866 558 et
891 523 1034 568 plantae
1060 521 1151 555 aliae
1176 521 1217 554 cl.
1243 519 1365 553 Alioth
1390 517 1528 552 missae.

200 597 322 630 CARR.
351 608 393 621 :-
428 592 642 628 CARRENO,
668 582 872 626 Eduardus,
908 580 1091 616 botanicus
1128 578 1314 612 Asturicus
1356 575 1556 611 defunctus,
1594 571 1652 616 qui
1682 568 1884 603 herbarium

337 640 534 685 plantarum
552 632 813 678 hispanicarum
831 628 972 671 collegit
988 624 1320 670 locupletissimum,
1340 622 1431 666 quod
1448 619 1605 666 possidet
1623 618 1664 652 cl.
1683 616 1884 650 GRAELLS.

202 699 295 733 CAV.
322 711 363 727 z
391 696 665 734 CAVANILLES,
709 687 859 731 Josephi
895 684 1056 727 Antonii,
1102 681 1304 716 herbarium
1351 681 1387 714 in
1424 680 1526 713 horto
1565 673 1775 711 Madritensi
1810 683 1888 707 con-

341 747 513 778 servatum
538 743 573 772 et
596 737 737 781 plantae
761 733 959 768 exsiccatae
984 731 1114 765 multae
1139 729 1174 762 in
1199 729 1297 762 herb.
1321 726 1559 762 Boutelouano
1584 726 1779 758 contentae.

205 804 324 837 CHAP.
354 815 394 828 2
423 800 578 837 CHAPE,
603 794 679 829 vide
706 793 914 827 CABRERA.

203 861 323 895 CLEM.
351 873 392 885 1:
419 856 549 890 ROJAS
574 852 816 891 CLEMENTE,
856 846 1005 882 Simonis
1031 856 1068 889 a,
1107 844 1249 889 plantae
1286 842 1322 875 in
1352 851 1457 884 regno
1488 837 1700 874 Granatensi
1736 835 1889 878 alibique

342 905 469 941 lectae,
494 909 642 944 quarum
666 897 796 932 multae
821 895 857 928 in
881 893 1046 928 herbario
1070 889 1255 925 Bouteloui
1279 888 1512 932 reperiuntur.
1544 885 1722 920 Plurimae
1746 894 1767 917 a
1792 881 1892 916 nobis

342 961 409 984 non
433 949 526 982 visae
551 946 586 979 in
610 946 713 979 horto
738 942 835 985 regio
861 937 1073 975 Madritensi
1098 940 1332 972 asservantur.

210 1009 330 1043 (JOLM.
358 1022 399 1035 z
428 1005 660 1046 COLMEIRO,
696 999 902 1043 Michaelis,
935 998 1077 1042 plantae
1110 993 1299 1029 nonnullae
1334 990 1532 1025 Gallecicae
1572 993 1607 1023 et
1648 985 1894 1021 Catalaunicae

342 1053 522 1088 nobiscum
548 1048 832 1084 communicatae.
1648 1040 1650 1042 ’

206 1112 319 1146 CSTA.
359 1124 402 1140 z
435 1109 584 1143 COSTA.
634 1104 796 1147 Antonii,
837 1103 978 1147 plantae
1020 1098 1266 1135 Catalaunicae
1302 1095 1499 1131 exsiccatae
1534 1092 1633 1127 annis
1665 1073 1895 1125 1856-‘1860

343 1157 454 1191 lectae
484 1154 664 1189 nobiscum
689 1150 975 1186 communicatae.

208 1217 297 1251 CUT.
324 1229 366 1245 z
394 1214 607 1265 CUI'ArIDA,
632 1209 824 1253 Vincentii,
858 1207 1001 1252 plantae
1033 1203 1230 1239 exsiccatae
1263 1200 1415 1246 provinc.
1445 1196 1692 1240 Madritensis,
1717 1195 1896 1230 nobiscum

345 1264 629 1296 communicatae.

212 1353 327 1389 DEDE
353 1367 406 1383 2—-
434 1348 566 1394 DEDE,
590 1348 773 1384 botanicus
798 1343 1074 1387 Francogallus,
1100 1342 1160 1386 qui
1185 1341 1365 1375 Navarrae
1390 1336 1645 1381 vegetationem
1670 1332 1874 1379 exploravit.

210 1414 333 1447 DESM.
362 1424 412 1439 2:
441 1410 721 1450 DESMOULENS,
757 1402 1030 1446 Francogallus,
1070 1399 1278 1434 hortulanus
1314 1397 1396 1431 olim
1431 1395 1527 1435 horti
1556 1392 1712 1429 botanici
1734 1390 1900 1426 Barcino-

352 1457 486 1499 nensis,
512 1455 569 1499 qui
593 1454 733 1498 plantas
751 1450 934 1486 nonnullas
960 1446 1205 1483 Catalaunicas
1224 1444 1403 1480 nobiscum
1422 1439 1697 1478 communicavit.

213 1517 308 1551 DUF.
336 1529 376 1545 z
403 1515 584 1557 DUFOUR,
611 1511 730 1554 Leon,
756 1509 899 1554 plantae
924 1505 1137 1551 Hispanicae
1163 1503 1372 1538 exsiccatae.

214 1574 312 1608 DUR.
333 1587 372 1603 z
392 1572 551 1606 DURIEU
569 1576 624 1603 DE
641 1568 963 1609 MAISONNEUVE,
989 1563 1131 1608 plantae
1148 1561 1334 1596 Asturicae
1352 1559 1548 1593 exsiccatae
1567 1567 1656 1591 anno
1675 1555 1764 1589 1835
1781 1554 1903 1588 lectae.

218 1665 324 1699 ELIZ.
354 1677 393 1693 z
421 1662 641 1700 ELIZALDE,
679 1658 699 1692 J
705 1657 827 1692 oannis
852 1657 914 1700 ab,
956 1652 1256 1695 malacozoologus
1282 1656 1316 1686 et
1340 1648 1589 1693 botanophilus
1614 1646 1821 1690 Gaditanus,
1847 1644 1905 1689 qui

353 1710 492 1754 plantas
517 1706 699 1741 nonnullas
724 1704 905 1739 nobiscum
929 1700 1203 1737 communicavit.

219 1770 350 1804 ENDR.
385 1782 413 1796 z
445 1766 653 1809 ENDRESS,
679 1763 820 1808 plantae
845 1760 1061 1806 Pyrenaicae
1087 1757 1297 1802 exsiccatae,
1323 1755 1424 1790 annis
1451 1752 1682 1787 1829—1830
1707 1750 1831 1784 lectae.

218 1862 370 1896 FAUGH.
398 1872 438 1887 z
465 1853 645 1901 FAUCHIZ,
670 1854 824 1888 medicus
848 1852 1012 1887 militaris
1038 1849 1343 1893 Francogallicus,
1369 1847 1468 1891 cujus
1486 1843 1690 1879 herbarium
1706 1842 1906 1887 plantarum

357 1904 627 1949 Hispanicarum
653 1902 693 1936 cl.
718 1901 910 1935 BOISSIER
934 1897 1100 1944 possidet.

218 1966 391 2000 FOREST.
420 1977 461 2015 5-
488 1961 744 2004 FORESTOER,
786 1957 929 1992 Comitis
969 1968 1008 1999 a,
1049 1953 1204 1990 botanici
1243 1950 1474 1994 Parisiensis,
1518 1948 1658 1993 plantae
1694 1944 1910 1991 Pyrenaicae

359 2013 568 2044 exsiccatae.

219 2071 289 2106 ΕΚ.
317 2083 360 2098 z
383 2068 519 2120 ἙΗΝΉ,
555 2062 759 2146 llllliphaelis,
795 2061 922 2097 medici
953 2058 1243 2103 Bambergensis,
1280 2055 1422 2102 plantae
1459 2064 1549 2088 anno
1582 2052 1669 2086 1848
1707 2050 1743 2084 in
1783 2049 1910 2093 Hispa-

357 2126 414 2150 nia
438 2119 585 2149 austrai
626 2116 732 2145 ectae.

223 2209 345 2244 GARC.
362 2206 617 2289 ῧΙΘᾼῌΟΙΑ,
649 2203 886 2257 ⁴Franciscus‚
924 2199 1163 2235 silviculturae
1199 2197 1377 2242 professor
1413 2194 1450 2228 in
1474 2193 1595 2228 schola
1619 2190 1716 2235 regia
1741 2187 1913 2224 saltuaria

396 2265 406 2287 1
436 2262 604 2287 aV1c10sae
631 2256 708 2285 Sita.

225 2313 324 2349 GOM.
350 2326 392 2341 Ζ
419 2311 576 2354 GOMES,
614 2306 848 2343 Bernhardini
875 2304 1036 2343 Antonii,
1076 2302 1201 2337 medici
1237 2301 1325 2344 regii
1366 2296 1644 2342 Olisipponensis
1688 2293 1912 2338 ejusdemque

362 2358 425 2391 filii
465 2357 679 2391 <a111101861
720 2354 773 2388 rei
810 2352 1003 2388 saltuariac
1039 2351 1076 2384 in
1114 2348 1294 2384 academia
1319 2345 1540 2380 Tharantina
1572 2341 1731 2377 studiosi)
1770 2339 1913 2384 plantae

363 2404 565 2438 Lusitaniae
592 2403 786 2437 exsiccatae
814 2399 993 2434 nobiscum
1018 2396 1303 2432 communicatae.

229 2463 372 2497 GRLLS.
398 2475 438 2490 z
466 2460 672 2503 GRAELLS,
711 2457 880 2498 Mariani,
918 2456 1057 2501 plantes
1090 2454 1132 2489 de
1168 2454 1203 2488 la
1235 2452 1397 2498 province
1435 2449 1476 2484 (le
1501 2445 1659 2491 Madrid,
1692 2444 1826 2479 distrib.
1852 2452 1916 2487 par

371 2508 564 2549 Bourgeau.

230 2567 343 2601 GUIR.
385 2579 428 2594 τ.
466 2564 644 2607 GUIRAO,
686 2562 831 2605 Angeli,
872 2560 1011 2605 plantes
1052 2559 1094 2593 de
1134 2558 1170 2592 la
1204 2556 1366 2601 province
1402 2552 1444 2587 de
1482 2551 1636 2595 Murcie,
1678 2547 1813 2583 distrib.
1852 2556 1917 2592 par

365 2612 569 2654 Bourgeau,
595 2614 629 2643 et
651 2609 791 2653 plantae
817 2607 995 2642 Murcicae
1021 2611 1056 2640 et
1080 2604 1317 2638 Granatenses
1342 2600 1522 2635 nobiscum
1550 2595 1835 2632 communicatae.

231 2670 327 2705 GUT.
355 2683 397 2698 --
424 2668 681 2710 GUTIERREZ,
716 2666 860 2700 Petrus.
898 2664 1080 2699 botanicus
1112 2661 1295 2696 defunctus
1325 2657 1508 2698 Baeticus,
1545 2655 1602 2700 qui
1642 2654 1783 2700 plantas
1823 2650 1917 2685 circa

371 2715 491 2748 urbem
524 2713 654 2747 Puerto
692 2712 733 2746 de
759 2712 829 2746 Sta.
854 2711 972 2746 Maria
997 2714 1194 2745 crescentes
1219 2707 1322 2751 legit,
1360 2714 1506 2749 quarum
1531 2703 1661 2737 multae
1685 2701 1721 2735 in
1743 2696 1917 2733 herbariis

372 2760 556 2796 Bouteloui
582 2759 742 2802 hortique
767 2757 995 2792 Madritensis
1021 2759 1252 2792 asservantur.

236 2856 343 2890 Herb.
368 2852 484 2888 Madr.
510 2865 552 2879 z
579 2850 787 2885 Herbarium
812 2850 904 2886 horti
928 2848 1017 2892 regii
1041 2845 1284 2881 Madritensis.

236 2913 393 2950 HERED.
419 2922 463 2940 .--
488 2907 694 2944 HEREDIA,
736 2906 914 2950 Julianus,
949 2903 1200 2951 pharmcopola
1233 2901 1329 2936 urbis
1354 2900 1484 2934 Puerta
1515 2898 1558 2932 (le
1599 2897 1670 2932 Sta.
1708 2894 1827 2929 Maria
1862 2892 1919 2927 de-

375 2958 530 2996 functus,
567 2954 624 2997 qui
650 2954 787 2998 plantas
812 2954 937 2987 multas
962 2952 1172 2994 Gaditanas,
1207 2947 1395 2993 praecipue
1420 2946 1545 2988 Algas,
1581 2941 1737 2986 collegit,
1773 2950 1919 2987 quarum.

375 3001 557 3037 nonnullae
582 3001 617 3035 in
641 3000 798 3035 herbarii
822 2999 1005 3034 Bout-eloui
1031 3004 1065 3034 et
1089 2995 1297 3032 Haenselcri
1322 2997 1556 3029 asservantur.

1293 3066 1311 3083 θ
