1960 3237
894 119 949 162 91

127 244 190 289 (pr.
216 242 378 279 Arevalo.
404 241 624 285 Villacastin,
651 242 761 286 LAG.,
788 242 998 281 Benavente.
1024 240 1171 276 Medina
1187 239 1229 275 (le
1248 239 1409 283 Rioseco,
1434 237 1559 282 LGE.),
1577 239 1670 274 Cast.
1690 249 1778 272 nova

128 292 192 337 (pr.
218 289 481 333 Guadarrama,
516 289 652 334 LAG.!,
677 289 855 330 Escorial,
890 289 1008 334 LGE.,
1045 289 1200 333 Chozas,
1234 286 1429 331 BOURG!);
1453 305 1498 311 —-
1526 284 1564 328 β.
1594 286 1631 320 in
1665 284 1769 320 collib

128 337 333 427 gypgo'jad
349 336 562 428 V?lladt)›lid,
579 336 677 371 LGE.
689 339 708 380 !,
733 336 924 382 Aranjuez,
942 337 1001 371 hb.
1020 336 1176 381 BOUT.!,
1199 334 1310 379 Len,
1328 332 1589 380 Cienpozuelos,
1606 313 1780 368 BOURG.l

130 405 175 411 —
212 401 249 420 ο.
301 395 356 419 un.
397 396 426 419 v.
453 395 505 419 s..

128 460 224 493 Sect.
249 457 298 490 11.
334 455 565 500 Euvulpia
591 452 679 487 WK.
714 452 878 498 Spiculae
903 451 1162 498 pedunculatae
1186 452 1222 487 in
1245 449 1445 497 paniculam
1468 459 1644 486 ramosam
1660 447 1776 484 laxam

215 501 271 584 ἶῗΙ
290 511 482 584 ὤκεῗὲιῃ]
509 500 592 554 *plus
623 500 737 536 minus
761 499 1007 536 unilateralem
1040 504 1241 544 congestae.
1292 498 1404 534 Palea
1431 497 1578 533 inferior
1609 495 1776 532 carinata.

252 559 288 593 ig
328 559 350 583 a
374 559 394 583 a
446 553 590 583 reviata.

171 609 251 642 400.
284 609 335 641 V.
359 609 535 648 Myuros
560 605 686 641 GMEL.
711 605 767 641 Fl.
792 605 872 641 bad.
891 606 918 649 I,
937 599 969 641 8!
996 605 1080 640 BSS.
1099 605 1122 640 1.
1141 617 1169 641 c.
1189 606 1276 640 668!
1296 604 1352 648 (V.
1377 603 1659 648 Pseudomyurus
1683 603 1774 638 SOY.

78 654 217 700 WILL.,
232 653 358 690 Rene.
375 653 423 688 Ic.
441 653 463 687 1.
480 665 509 688 c.
526 653 549 688 f.
568 654 687 698 15251,
704 653 860 689 Festuca
876 652 1159 698 Pseudomyurus
1177 652 1267 687 SOY.
1290 651 1429 697 WILL„
1446 651 1488 686 F.
1505 650 1654 696 Myurus
1672 650 1779 695 CAV„

78 702 203 737 PLAN.
221 706 257 736 et
273 701 371 736 alior.
391 711 459 736 non
482 700 549 744 L.).
582 700 819 746 Pluriculmis,
844 700 967 736 culmis
993 701 1156 745 1-1¹l2¹
1181 699 1203 734 1.
1230 699 1422 743 gracilibus
1446 698 1584 744 erectis,
1610 697 1656 734 ad
1679 697 1778 744 pani-

78 749 193 785 culam
206 759 317 793 usque
330 747 473 793 foliatis,
490 747 581 783 foliis
595 748 755 792 angustis
773 747 911 783 demum
928 747 1266 791 carinato-setaceis,
1285 746 1413 791 vagina
1430 756 1565 781 summa
1580 745 1779 790 paniculam

79 797 218 832 3—-10¹¹
242 795 264 830 l.
290 800 472 830 nutantem
496 794 702 840 plerumque
727 795 908 840 cingente,
941 795 1085 840 spiculis
1118 793 1326 829 4—6-fl0ris
1360 793 1508 829 arrectis
1543 792 1635 837 (cum
1667 792 1780 836 arist.)

80 845 231 880 9—-12“‘
254 842 277 878 l.
302 842 448 888 scabris,
473 843 590 885 gluma
612 842 794 887 superiore
818 841 984 878 inferiore
1010 841 1115 887 duplo
1132 841 1280 886 triplove
1297 841 1452 884 longiore
1468 839 1620 875 mediam
1636 839 1690 874 vel
1707 839 1779 874 fere

80 896 191 927 totam
213 889 312 926 floris
336 889 486 935 proximi
508 889 763 934 longitudinem
787 889 914 934 (arista
937 889 1099 934 excepta)
1119 894 1304 933 aequante,
1330 888 1434 934 palea
1451 887 1617 922 inferiore
1634 887 1781 922 aristam

80 938 168 974 flore
192 937 386 981 longiorem
410 942 566 981 gerente.

175 985 216 1019 In
248 984 406 1020 arenosis
436 984 545 1019 muris
578 983 756 1019 ruderatis
786 983 940 1027 regionis
965 983 1141 1021 inferioris
1179 983 1215 1017 in
1240 982 1390 1027 Hispan.
1425 981 1614 1028 praecipue
1645 980 1778 1016 boreali

129 1032 177 1077 (in
201 1031 335 1067 Gallec.
360 1030 499 1075 abund„
524 1031 661 1071 PLAN.,
687 1031 797 1073 LGE.,
823 1031 1008 1075 Cantabr.,
1034 1030 1158 1075 ΨΚ),
1191 1030 1229 1064 in
1253 1029 1416 1068 centrali.
1451 1029 1574 1065 orient.
1608 1033 1643 1063 et
1668 1033 1781 1063 austr.

128 1079 279 1125 passim:
311 1079 347 1113 in
378 1078 472 1114 Cast.
505 1090 593 1113 nova
626 1077 820 1123 (Escorial,
852 1077 984 1122 LGEA,
1018 1088 1103 1121 agro
1134 1076 1297 1122 Madrit.,
1323 1077 1451 1121 CAV.),
1477 1076 1587 1111 Catal.
1615 1074 1776 1120 (Barcel.‚

130 1127 290 1171 GSTA.!),
315 1137 421 1169 regno
446 1125 525 1160 Val.
552 1124 653 1169 (valle
677 1125 857 1171 Albayda,
885 1125 1013 1169 CAV.),
1039 1124 1184 1160 Granat.
1211 1124 1407 1169 (Granada,
1440 1124 1588 1168 RAMB.,
1624 1123 1780 1167 Malaga,

130 1174 288 1255 SALKM„
312 1173 373 1254 in}
399 1172 610 1264 Grgrzaleffna
634 1177 669 1208 et
692 1172 829 1217 Ronda,
854 1172 968 1218 HS.!),
991 1177 1097 1207 mont.
1124 1172 1298 1208 Marianis
1319 1171 1368 1216 (la
1384 1171 1558 1217 Carohna,
1584 1170 1708 1215 ΒΘΗ).
1735 1189 1780 1194 ——

132 1225 180 1262 Θ.
241 1232 338 1265 pr.—
366 1231 422 1254 un.
461 1231 491 1254 v.
515 1231 572 1254 v..

176 1267 268 1303 Hab.
293 1267 330 1301 in
353 1266 478 1312 Lusit,
503 1266 606 1312 Gall„
631 1265 764 1312 Europ.
791 1265 880 1301 med.
907 1270 942 1301 et
967 1266 1112 1301 austral.
1138 1265 1242 1300 omni.

177 1326 350 1362 Observ.
384 1324 584 1369 Longitudo
608 1324 805 1369 glumarum
829 1325 866 1359 in
890 1325 958 1360 hac
983 1324 1102 1370 specie
1128 1324 1211 1369 (imo
1234 1324 1271 1358 in
1287 1334 1355 1359 uno
1373 1322 1563 1368 eodemque
1581 1321 1784 1367 specimine)

133 1373 233 1408 valde
258 1373 454 1418 variabilis,
490 1371 552 1408 sed
577 1372 742 1417 panicula
775 1382 914 1417 semper
944 1371 1109 1415 elongata
1140 1377 1270 1407 nutans
1295 1376 1331 1406 et
1355 1370 1489 1406 culmus
1515 1370 1560 1405 ad
1584 1369 1784 1415 paniculam

132 1431 243 1465 usque
274 1420 460 1464 vaginatus
494 1424 555 1455 aut
584 1420 684 1465 apice
718 1419 829 1455 solum
869 1419 994 1455 nudus.
1042 1419 1217 1455 Auctores
1250 1418 1428 1464 hispanici
1459 1418 1501 1452 V.
1529 1416 1685 1452 ciliatam
1714 1415 1785 1450 LK.

135 1467 338 1512 (Festucam
362 1467 510 1513 Mytmis
536 1466 602 1511 L.),
629 1467 703 1502 sine
728 1466 834 1502 dubio
865 1478 944 1502 cum
975 1467 1044 1501 hac
1077 1467 1194 1511 specie
1221 1469 1535 1510 commutaverunt,
1571 1476 1653 1500 nam
1683 1462 1786 1499 valde

135 1515 313 1560 suspicor,
351 1515 392 1549 cl.
420 1514 674 1550 Cavanilles
699 1519 735 1550 et
760 1513 979 1550 Colmeiro
1005 1513 1161 1558 aliosque
1187 1514 1251 1549 sub
1275 1513 1413 1549 nomine
1437 1512 1613 1548 Festucae
1637 1511 1786 1556 Myurus

134 1562 175 1597 L.
218 1562 310 1597 hanc
351 1561 504 1607 speciem
542 1561 579 1596 in
610 1562 726 1596 animo
758 1561 946 1606 habuisse,
988 1572 1093 1605 quum
1128 1571 1147 1595 e
1180 1561 1221 1596 cl.
1254 1560 1351 1595 CAV.
1383 1559 1510 1604 (Prael.
1542 1571 1576 1605 p.
1610 1560 1710 1602 3121)
1752 1562 1788 1592 et

136 1608 373 1644 Planellas
405 1608 630 1652 diagnosibus
661 1613 798 1653 pateat,
839 1608 997 1653 plantam
1040 1607 1280 1643 Castellanam
1320 1612 1356 1642 et
1380 1606 1597 1641 Gallecicam
1633 1615 1711 1641 esse
1743 1604 1785 1639 F.

134 1656 419 1701 Pseudomyurus
451 1656 542 1691 SOY.
569 1655 721 1700 WILL.).

182 1717 262 1749 401.
295 1716 347 1749 V.
372 1716 604 1750 sciuroides
629 1713 756 1748 GMEL.
783 1713 805 1748 l.
832 1713 852 1747 l.
881 1713 936 1753 (V.
962 1712 1161 1749 bromoides
1184 1711 1269 1758 LK.,
1294 1711 1419 1746 RCHB.
1445 1711 1492 1746 Ic.
1522 1711 1544 1745 1.
1571 1722 1600 1746 c.
1625 1710 1648 1745 f.
1677 1710 1791 1744 1529!

90 1773 160 1797 non
183 1762 308 1797 RCHB.
340 1761 395 1796 Fl.
428 1772 502 1796 exc.
534 1761 576 1796 V.
602 1761 722 1796 ciliata
751 1760 849 1795 KZE.
883 1760 1000 1796 Chlor.
1031 1771 1063 1794 n.
1090 1761 1174 1794 651!
1208 1771 1275 1795 non
1300 1758 1391 1804 LK,
1417 1758 1574 1793 Festuca
1598 1756 1791 1793 sciuroides

93 1810 206 1854 RTH.,
240 1809 281 1844 F.
314 1807 512 1844 bromoides
545 1809 611 1843 SM.
644 1813 680 1844 et
711 1808 822 1843 CAV?
854 1807 952 1843 alior.
986 1812 1078 1843 auct.
1111 1807 1231 1852 hisp?
1262 1817 1331 1841 non
1363 1805 1421 1850 L.,
1456 1805 1612 1841 Festuca
1641 1804 1790 1850 Myuros

92 1857 130 1899 β.
158 1855 348 1892 sciuroides
373 1856 483 1891 Coss.
509 1860 545 1890 et
568 1855 694 1900 DUR.).
739 1854 867 1889 Differt
892 1866 914 1890 a
938 1854 1056 1900 specie
1080 1853 1242 1900 praeced.
1269 1854 1382 1888 culmo
1400 1863 1550 1898 superne
1567 1852 1670 1896 longe
1685 1850 1792 1897 nudo,

91 1903 257 1950 panicula
280 1909 401 1938 erecta
422 1902 532 1938 multo
556 1903 715 1939 breviore
740 1907 776 1937 et
798 1902 914 1937 minus
939 1912 1088 1947 ramosa,
1113 1902 1233 1946 gluma
1251 1901 1436 1946 superiore
1451 1899 1576 1935 florem
1592 1899 1793 1945 proximum

93 1952 332 1996 subaequante
356 1950 523 1986 inferiore
547 1950 652 1996 duplo
677 1949 845 1995 longiore,
870 1949 982 1985 arista
998 1948 1138 1995 paleam
1153 1948 1355 1984 inferiorem
1373 1952 1549 1993 aequante
1564 1959 1595 1982 v.
1613 1946 1794 1992 paululum

93 2003 291 2045 superante.

233 2044 271 2089 β.
298 2044 486 2088 gracilis
510 2043 609 2078 LGE.
634 2043 721 2087 Pug.
748 2043 822 2077 50!.
870 2040 1002 2076 Culmis
1034 2042 1149 2075 3—4‘¹
1174 2039 1196 2074 1.
1220 2039 1467 2086 capillaribus,
1498 2037 1664 2084 panicula
1698 2037 1796 2074 brevi

302 2103 321 2126 e
348 2091 491 2137 spiculis
517 2092 608 2125 2—5
632 2094 825 2135 constante,
850 2088 970 2124 aristis
996 2087 1221 2132 longioribus.

237 2151 271 2185 γ.
303 2138 432 2183 longe
458 2138 656 2174 aristata
680 2137 770 2171 WK.
795 2135 887 2171 ined.
913 2134 1060 2180 spiculis
1092 2133 1315 2179 5—-8-floris,
1350 2132 1469 2168 aristis
1493 2131 1599 2176 palea
1627 2131 1794 2167 inferiore

303 2185 409 2231 duplo
432 2198 462 2220 v.
489 2183 660 2230 subtriplo
685 2183 900 2227 longioribus
926 2182 981 2227 (V.
999 2181 1140 2218 Broteri
1162 2182 1249 2217 BSS.
1281 2185 1317 2216 et
1347 2180 1473 2215 REUT.
1499 2179 1586 2223 Pug.
1613 2179 1710 2223 1281,
1752 2177 1795 2214 V.

305 2232 455 2278 Myurus
480 2243 550 2268 var.
574 2231 707 2267 tenella
729 2231 815 2265 BSS.
841 2241 928 2275 voy.,
953 2228 1111 2265 Festuca
1133 2228 1285 2274 hybrida
1309 2226 1461 2271 BROT.).

188 2279 231 2314 In
255 2280 423 2322 arenosis,
451 2279 573 2325 muris,
598 2278 721 2324 pratis,
748 2277 793 2312 ad
817 2285 919 2323 sepes
943 2276 1097 2321 regionis
1119 2275 1294 2311 inferioris
1317 2275 1355 2309 in
1371 2274 1490 2309 Astur.
1510 2271 1653 2317 (Grado,
1670 2271 1797 2316 DUR.),

141 2327 236 2362 Cast.
260 2338 350 2362 nova
375 2327 425 2371 (in
447 2332 538 2371 prat.
557 2325 602 2361 ad
618 2325 874 2370 Guadarrama,
899 2323 1042 2369 LGE.!),
1068 2323 1206 2359 Catari)
1231 2321 1417 2368 (COLM.?),
1435 2331 1543 2364 regno
1562 2318 1668 2355 Val.⁴?
1693 2318 1796 2364 (valle

141 2373 316 2419 Albayda,
341 2374 436 2408 CAV.
446 2375 486 2419 5³),
511 2373 658 2409 Granat.
685 2372 785 2418 (sylv.
810 2383 862 2417 pr.
881 2371 915 2406 S.
934 2371 1069 2416 Roque,
1086 2370 1185 2416 OJen,
1203 2371 1301 2415 BSS.,
1327 2367 1450 2414 WK.);
1474 2386 1521 2392 —
1545 2368 1583 2409 ,6.
1609 2365 1646 2400 in
1662 2365 1796 2401 Gallec.

145 2422 263 2466 (venta
287 2420 329 2456 de
353 2420 560 2466 Piedrafita)
587 2425 623 2455 et
646 2431 697 2465 pr.
724 2419 756 2454 el
780 2418 942 2455 Escorial
967 2418 1129 2464 (LGE.!);
1155 2437 1199 2442 —
1224 2429 1260 2463 2²-
1286 2417 1324 2451 in
1348 2415 1441 2451 Cast.
1459 2425 1548 2450 nova
1565 2413 1795 2459 (Chamartin,

141 2468 332 2514 BOURG.!,
366 2468 541 2503 Talavera
565 2467 608 2502 de
633 2467 669 2502 13
693 2466 834 2512 Reyna,
872 2465 1100 2511 SCHOUSB.),
1134 2462 1341 2500 Extremad.
1380 2462 1544 2508 (Brozas,
1576 2460 1797 2505 SCHOUSB.),

144 2515 246 2551 Baet.
274 2515 470 2561 (Carmona,
494 2514 619 2560 LGE.).
645 2534 689 2539 ——
715 2517 764 2556 Θ.
791 2511 998 2558 Apr.—Ju1.
1025 2513 1066 2558 (v.
1092 2512 1147 2556 v.).

190 2561 281 2597 Hab.
305 2562 342 2597 in
365 2562 492 2608 Lusit,
518 2562 620 2607 Gali,
645 2561 794 2606 Britan„
817 2560 921 2606 Dan„
947 2559 1084 2605 Gothl.‚
1110 2559 1242 2604 Europ.
1269 2556 1359 2592 med.
1384 2555 1496 2602 omni,
1525 2553 1623 2600 Ital.,
1658 2552 1795 2597 Graec,

146 2608 312 2651 Palaest..
338 2609 414 2644 Afr.
437 2609 572 2645 boreali
596 2607 756 2653 (Alger.).

191 2655 368 2692 Observ.
415 2656 588 2692 Auctores
619 2655 794 2702 hispanici
827 2654 919 2691 hanc
949 2653 1104 2700 speciem
1135 2652 1199 2687 sub
1233 2650 1372 2686 nomine
1403 2650 1445 2686 V.
1470 2647 1661 2685 bromoidis
1686 2646 1726 2682 L.
1761 2646 1797 2681 in

145 2703 261 2738 animo
285 2702 452 2738 habuisse
475 2703 648 2739 videntur.
1129 2704 1133 2708 “

191 2773 270 2806 402.
303 2774 354 2806 V.
379 2773 523 2807 ciliata
546 2772 618 2808 LK.
643 2771 745 2808 Hort.
770 2770 877 2806 berol.
903 2770 931 2805 1.
958 2769 1075 2815 (1821)
1104 2769 1181 2803 147.
1215 2767 1270 2812 (V.
1296 2766 1444 2813 Myurus
1474 2765 1598 2801 ROHB.
1633 2764 1686 2800 Fl.
1721 2773 1795 2798 exc.

101 2818 222 2864 [1832]
248 2823 283 2854 et
307 2819 355 2855 Ic.
380 2818 402 2853 l.
428 2830 456 2853 c.
481 2819 503 2853 f.
531 2821 654 2865 1524!,
687 2819 843 2855 Festuca
874 2818 1024 2863 Myurus
1058 2816 1098 2850 L.
1132 2826 1201 2850 non
1234 2814 1348 2860 alior.,
1382 2814 1423 2849 F.
1457 2813 1578 2849 ciliata
1610 2810 1795 2851 DANTH.).

99 2865 340 2911 Pluriculmis,
375 2865 498 2901 culmis
528 2865 703 2911 ¹s2—1‘l.
738 2863 1110 2902 adscendenti-erectis
1145 2862 1351 2906 gracilibus,
1384 2861 1429 2897 ad
1461 2859 1661 2906 paniculam
1686 2867 1797 2901 usque

100 2913 292 2957 vaginatis,
329 2912 423 2948 foliis
457 2913 796 2959 involuto-setaceis,
821 2912 1007 2958 paniculae
1032 2910 1147 2943 2-—6“
1172 2909 1194 2943 1.
1220 2908 1461 2955 spicaeformis
1497 2906 1605 2942 ramis
1637 2904 1797 2948 arrectis,

102 2960 246 3005 spiculis
272 2961 401 2994 6—9¹¹‘
428 2960 450 2995 1.
476 2959 698 3004 4—6-fi0ris,
725 2960 844 3004 gluma.
873 2958 1040 2993 inferiore
1065 2956 1284 3001 abbreviata,
1322 2955 1503 3001 superiore
1527 2953 1612 2989 flore
1636 2951 1797 2998 proximo

103 3007 210 3053 triplo
241 3007 423 3043 breviore.
460 3007 564 3051 palea
597 3007 762 3041 inferiore
798 3007 901 3049 longe
935 3005 1056 3041 ciliata
1088 3003 1236 3039 aristam
1270 3014 1311 3038 ea
1343 3002 1535 3046 longiorem
1571 3004 1726 3044 gerente.
1752 3018 1797 3024 —

103 3053 228 3090 Flores
252 3054 427 3090 interdum
450 3054 596 3100 pulchre
620 3059 889 3100 pulpurascunt.
