1960 3237
1023 80 1082 124 38

307 206 346 240 In
367 206 478 250 pratis
498 204 772 248 graminosisque
796 202 982 248 praecipue.
1006 199 1198 244 Hispaniae
1226 197 1374 233 borealis
1401 197 1453 233 (in
1477 195 1610 230 Gallec.
1634 195 1775 238 regione
1798 195 1897 231 infer.

260 253 432 296 frequens,
457 252 593 292 PLAN„
619 250 783 292 Asturiis,
816 250 851 283 in
882 259 952 291 reg.
985 246 1206 291 subalpinam
1241 254 1348 288 usque
1381 241 1556 285 adscend.,
1589 242 1718 287 ΒΗΚ),
1753 242 1896 277 Castell.

260 304 325 334 vet.
354 299 414 338 (ad
438 298 643 341 Encinillas,
668 297 744 331 Pto.
770 296 811 330 de
836 293 1092 337 Navacerrada,
1117 292 1244 337 ΒΘΗ),
1269 291 1382 324 minus
1416 290 1526 333 frequ.
1559 289 1597 324 in
1630 299 1700 332 reg.
1734 289 1897 324 inferiore

259 350 294 380 et
317 351 422 380 mont.
448 344 639 388 Hispaniae
663 342 826 377 centralis
852 341 903 380 (in
927 351 1010 384 agro
1035 339 1190 382 Madrit„
1216 339 1350 381 COLM.,
1375 335 1574 379 Aragoniae
1599 336 1774 371 montibus
1798 336 1898 371 Mon-

259 402 354 437 eayO,
376 392 412 426 la
435 391 608 426 Palomita
632 396 706 424 etc..
732 389 865 428 ASSO),
890 398 969 422 raro
985 387 1021 420 in
1037 386 1185 421 australi
1204 385 1413 429 (Estepona,
1431 383 1573 427 BSS.!);
1600 402 1644 407 —
1668 385 1706 426 β.
1732 383 1769 417 in
1786 383 1898 428 pratis

261 438 422 474 Cantabr.
448 438 561 479 (Yrun
585 440 667 477 etc.)
693 435 750 469 ubi
775 434 939 479 abimdat,
965 433 1053 468 WK.
1078 453 1123 458 —
1149 440 1186 474 21.
1212 432 1310 477 Maj.,
1335 430 1417 465 Jun.
1444 433 1489 470 (v.
1514 441 1544 464 v.
1570 433 1606 464 et
1630 434 1685 471 s.).
1723 429 1899 475 »Alestaz,

263 495 383 528 grama
406 484 448 519 de
473 484 580 519 olor«.

306 531 395 567 Hab.
419 531 454 566 in
478 530 607 574 Europ.
633 532 715 572 tota,
740 527 855 572 Sibir.,
880 527 997 561 Amer.
1023 525 1167 560 boreali.

854 584 893 606 **
940 583 1082 629 Species
1108 592 1254 617 annuae.

308 647 384 681 153.
416 649 462 681 A.
486 647 623 681 Puelii
647 644 740 678 LEO.
765 643 868 678 LAM.
895 642 968 677 Cat.
994 641 1041 686 pl.
1067 640 1154 675 Auv.
1181 640 1224 675 cf.
1256 639 1395 683 GREN.,
1414 637 1543 672 GODR..
1569 637 1624 672 Fl.
1644 637 1703 673 Fr.
1723 637 1789 683 III,
1814 638 1898 674 443!

217 692 275 731 (A.
309 692 487 728 odoratum
517 695 553 736 β.
586 690 785 726 laxiflorum
809 689 868 724 ST.
893 688 1017 734 AMD.,
1052 688 1094 722 A.
1127 686 1259 722 odorat.
1292 688 1330 730 β.
1361 684 1492 719 Puellii
1523 684 1650 730 Coss,
1695 684 1813 729 DUR.,
1855 685 1899 720 A.

216 739 398 774 aristatum
430 740 526 774 BOR.
557 738 611 773 Fl.
646 743 753 773 centr.
786 748 854 772 non
887 736 982 780 BSS.,
1016 735 1058 770 A.
1091 734 1277 771 aristatum
1311 734 1348 776 β.
1379 731 1495 766 Puelii
1525 731 1622 766 LGE.
1658 731 1694 766 in
1725 732 1772 777 pl.
1806 731 1899 777 hisp.

216 797 285 821 exs.
311 797 342 821 n.
371 787 448 830 19³,
480 786 522 820 A.
548 784 808 829 angustifolium
840 783 963 817 PLAN.
998 786 1088 817 teste
1113 781 1241 821 LGE.).
1286 780 1471 824 Annuum,
1505 779 1664 814 caulibus
1690 779 1806 813 5-6”
1830 778 1853 814 l.
1879 790 1901 814 a

215 832 291 867 basi
313 831 411 867 valde
434 832 591 877 ramosis,
615 831 706 866 foliis
732 830 889 873 angustis
913 829 1025 864 acutis
1042 827 1314 873 pubescentibus
1332 839 1361 861 v.
1380 826 1524 871 glabris,
1548 826 1671 872 thyrso
1691 825 1863 870 1—1¹s2“
1879 825 1901 860 l.

219 879 491 923 ovato-oblongo,
515 879 607 921 laxo,
630 879 773 922 virente,
798 876 943 912 floribus
960 875 1068 911 steril.
1094 874 1201 910 fertili
1218 873 1322 920 duplo
1346 873 1572 918 longioribus,
1596 873 1770 909 inferioris
1794 873 1904 908 arista

216 927 332 969 gluma
356 926 530 970 superiore
555 926 679 960 triente
704 923 869 967 longiore.

305 972 344 1005 In
369 972 517 1008 ericetis.
542 972 683 1007 incultis
707 976 812 1015 atque
835 970 927 1004 inter
951 973 1087 1012 segetes
1112 967 1264 1011 regionis
1297 968 1550 1002 submontanae
1581 966 1779 1011 Hispaniae
1811 966 1899 1001 occi-

261 1018 424 1054 dentalis:
450 1019 485 1052 in
510 1018 642 1053 Gallec.
668 1018 840 1061 frequens,
864 1016 978 1059 ΕΘΗ,
1002 1026 1108 1058 regno
1133 1015 1344 1059 Legionensi
1370 1015 1440 1053 (las
1465 1013 1626 1049 Medolas
1650 1014 1687 1049 in
1711 1013 1841 1048 ditione
1867 1013 1900 1046 el

262 1065 406 1111 Vierzo,
432 1065 574 1111 LGE.!),
600 1076 684 1109 agro
707 1064 870 1109 Madrit.,
895 1063 990 1107 BSS.,
1016 1062 1115 1097 Baet.
1151 1062 1202 1099 <la
1233 1061 1398 1107 Albayda
1426 1072 1479 1106 pr.
1505 1060 1678 1107 Cordova,
1702 1060 1830 1102 LGE.).
1856 1080 1900 1084 ——

260 1116 308 1153 Θ.
333 1112 550 1156 ‹Iun—Aug.
577 1121 621 1151 (v.
645 1117 701 1149 s.).

305 1159 394 1194 Hab.
419 1159 456 1194 in
481 1159 571 1194 Gall.
598 1164 632 1194 et
655 1157 767 1193 Lusit.
797 1155 1034 1200 (Monchique,
1059 1155 1262 1196 BOURG.!).

310 1229 386 1262 154.
420 1230 468 1263 A.
504 1229 726 1261 aristatum
749 1225 833 1260 BSS.
858 1225 944 1270 Voy.
971 1224 1017 1269 II,
1043 1225 1128 1259 638!
1158 1223 1216 1263 (A.
1250 1223 1506 1258 Carennianum
1530 1224 1683 1265 PARL.).
1732 1222 1859 1257 Differt
1884 1233 1906 1257 a

217 1274 375 1320 praeced.
408 1274 530 1310 culmis
562 1273 793 1318 simplicibus,
830 1272 950 1316 thyrso
983 1276 1084 1306 ovato
1118 1271 1225 1306 denso
1257 1269 1415 1316 'fra-‘Vi‘
1440 1271 1462 1306 l.
1497 1270 1726 1315 flavescente,
1759 1269 1905 1305 floribus

218 1321 325 1357 steril.
352 1321 459 1356 fertili
483 1321 562 1366 plus
588 1320 693 1365 duplo
717 1319 945 1363 longioribus,
971 1318 1090 1354 aristis
1114 1318 1216 1361 longe
1242 1318 1402 1353 exsertis.

308 1368 350 1402 In
366 1368 571 1411 graminosis
587 1366 736 1409 regionis
754 1371 857 1401 mont.
875 1365 972 1409 regni
988 1365 1132 1409 Legion.
1153 1365 1245 1406 (Pto.
1263 1365 1305 1400 de
1323 1364 1524 1409 Manzanal,
1538 1364 1654 1403 LGE.)
1670 1368 1706 1398 et
1723 1363 1904 1407 utriusque

265 1414 405 1449 Castell.
434 1418 501 1460 (pr.
521 1413 675 1455 Madrit„
693 1413 828 1457 CARR.,
850 1413 883 1447 el
907 1412 1079 1458 Escorial,
1096 1411 1348 1456 Guadarrama,
1365 1411 1511 1452 LGE.!).
1538 1431 1583 1436 —-
1608 1414 1658 1453 Θ.
1683 1410 1765 1445 Jun.
1784 1417 1830 1451 (v.
1848 1414 1905 1450 s).

309 1460 398 1496 Hab.
428 1462 464 1496 in
490 1456 625 1496 Sardin.
651 1466 686 1495 et
709 1459 863 1503 Algeria.

313 1520 388 1552 155.
421 1521 468 1553 A.
494 1529 681 1552 amarum
705 1517 828 1552 BROT.
854 1517 884 1551 F
887 1518 908 1551 l.
935 1518 999 1553 lus.
1025 1522 1061 1552 et
1084 1517 1188 1562 Phyt.
1214 1517 1278 1552 lus.
1303 1522 1328 1551 t.
1354 1517 1392 1551 4!
1429 1516 1488 1550 ‹A.
1514 1526 1725 1550 avenaceum
1750 1515 1906 1550 POURR.

217 1570 306 1600 teste
323 1564 448 1605 LGE.).
479 1565 645 1609 Perenne,
663 1564 785 1599 culmis
803 1564 1019 1609 simplicibus
1034 1566 1137 1598 2-—3‘
1154 1564 1188 1608 l.,
1206 1563 1299 1598 foliis
1317 1562 1400 1598 latis
1417 1562 1557 1607 ciliatis,
1575 1563 1698 1607 thyrso
1715 1561 1906 1607 cylindrico

219 1614 331 1646 2—3¹‘
355 1612 375 1646 1.
402 1611 629 1653 flavescente,
655 1610 800 1646 fioribus
826 1612 933 1646 steril.
960 1611 1069 1646 fertili
1094 1610 1199 1656 duplo
1223 1609 1449 1655 longioribus,
1474 1609 1649 1645 inferioris
1673 1609 1783 1644 arista
1805 1608 1906 1643 valde

218 1658 414 1702 geniculata
437 1659 580 1693 robusta
605 1658 757 1701 glumam
783 1659 997 1703 superiorem
1021 1658 1202 1703 paululum
1227 1662 1425 1702 superante.

310 1705 351 1738 In
374 1706 514 1749 pascuis
539 1704 718 1739 Galleciae
743 1706 892 1748 passim:
927 1717 978 1750 pr.
1011 1705 1122 1749 Lugo,
1158 1705 1299 1750 Ferrol,
1333 1704 1393 1738 int.
1427 1704 1463 1738 la
1496 1702 1637 1738 Corufia
1665 1707 1700 1737 et
1724 1701 1906 1746 Santiag03

265 1752 411 1786 occurrit
434 1752 540 1786 etiam
562 1751 599 1785 in
623 1762 729 1794 regno
754 1751 896 1796 Legion.
924 1752 967 1786 ad
993 1752 1024 1786 el
1043 1752 1165 1787 Castro
1183 1758 1217 1787 et
1235 1751 1412 1796 Ruitelan,
1431 1750 1547 1786 LGR!
1573 1770 1617 1775 —
1643 1757 1679 1790 24.
1695 1748 1906 1792 Jul.——Aug.

268 1806 312 1837 (v.
338 1803 393 1835 3.).

311 1844 401 1879 Hab.
424 1844 460 1878 in
483 1843 676 1879 Lusitania.

315 1903 391 1935 156.
425 1903 472 1935 A.
500 1905 676 1940 ovatum¹
695 1901 793 1936 LAG.
819 1902 904 1936 Nov.
929 1913 959 1946 g.
989 1914 1040 1946 sp.
1065 1902 1148 1937 BSS.
1174 1903 1260 1948 Voy.
1290 1903 1338 1947 II,
1363 1903 1448 1936 637!
1487 1900 1907 1947 Annuum,1nulticulme,

223 1948 344 1983 culmis
377 1947 507 1992 'fr—1¹
533 1949 567 1994 l.,
591 1949 710 1993 thyrso
737 1948 883 1993 1--1Ὗ2
899 1948 941 1982 “l.
969 1950 1232 1993 ovato-oblongo
1256 1950 1333 1986 basi
1357 1954 1517 1984 truncato
1550 1952 1746 1993 compacto,
1782 1947 1908 1992 glumis

224 1995 324 2029 dorso
349 2000 383 2029 et
399 1995 552 2038 margine
570 1995 669 2038 longe
687 1995 825 2032 ciliatis.
843 1995 986 2031 floribus
1005 1996 1180 2032 sterilibus
1197 1997 1305 2032 fertili
1322 1996 1466 2031 dimidio
1482 1995 1709 2040 longioribus,
1734 1994 1909 2029 inferioris

224 2041 332 2076 arista
356 2041 506 2085 glumam
531 2042 743 2086 superiorem
768 2048 949 2086 aequante.

242 2097 245 2099 ·
314 2088 355 2121 In
387 2088 558 2123 sabulosis
590 2088 733 2124 littoral.
766 2088 956 2134 Hispaniae
981 2089 1146 2125 australis
1170 2101 1250 2126 raro
1277 2094 1344 2135 (pr.
1370 2089 1499 2135 Gades,
1534 2088 1675 2124 CAER!
1710 2089 1741 2123 S.
1768 2088 1902 2132 Roque,

271 2135 383 2173 Bss.).
410 2154 453 2159 -
478 2138 525 2174 Θ.
551 2135 643 2169 Vere
670 2141 714 2169 (v.
741 2140 797 2171 s).

315 2181 405 2215 Hab.
429 2181 465 2215 in
489 2181 600 2227 Hisp,
627 2181 731 2227 Sicil,
757 2181 914 2216 Graecia.

338 2252 415 2292 LX.
459 2252 651 2292 MIBORA
683 2253 753 2293 An.
786 2254 888 2293 Fam.
911 2254 960 2306 pl.
1005 2255 1185 2307 Spiculac
1218 2255 1366 2308 spicam
1391 2254 1610 2306 simplicem
1635 2253 1907 2292 tenuissimam

230 2308 458 2360 formantes,
492 2311 698 2361 unissorac,
734 2312 914 2362 muticae,
948 2312 1089 2365 glumis
1123 2313 1433 2365 subaequalibus
1456 2312 1555 2352 flore
1577 2311 1755 2351 triandro
1778 2310 1905 2364 longi-

230 2367 365 2405 oribus
399 2367 518 2408 dorso
550 2370 755 2420 convexis,
788 2370 912 2422 paleis
946 2370 1271 2422 pubescentibus.

322 2435 398 2468 157.
433 2437 489 2468 M.
521 2445 651 2470 verna
685 2437 724 2471 P.
750 2437 790 2471 B.
814 2436 1019 2480 Agrostogr.
1064 2438 1188 2473 RCHSB.
1214 2439 1262 2473 Ic.
1298 2438 1325 2481 Ι,
1350 2438 1373 2472 f.
1408 2439 1512 2472 1405!
1540 2437 1605 2473 (M.
1631 2436 1774 2471 minima
1799 2436 1908 2471 COSS.

230 2479 370 2532 GERIJL,
393 2481 553 2524 Agrestis
577 2482 720 2517 minima
743 2483 800 2528 L.,
835 2483 1094 2527 Chamagrostis
1126 2485 1207 2519 min.
1238 2486 1423 2525 BORKH.).
1471 2483 1638 2519 Plantula
1670 2483 1909 2526 multiculmis,

231 2527 352 2560 culmis
380 2528 492 2561 1—3“
515 2527 537 2561 l.
563 2529 768 2574 tenerrimis,
795 2530 901 2575 spicis
925 2530 1204 2578 violascentibus,
1230 2531 1373 2577 spiculis
1399 2531 1661 2576 approximatis.

322 2572 362 2606 In
387 2583 540 2608 arenosm
556 2576 683 2623 region.
699 2577 873 2611 inferioris
888 2576 1081 2620 Hispaniae
1095 2579 1237 2613 central.
1264 2579 1466 2623 (Aranjuez,
1484 2577 1635 2621 Madrid,
1652 2577 1803 2620 BOUT.!,
1819 2576 1909 2610 CUT.

282 2623 316 2652 et
340 2619 424 2664 ΑΜ,
451 2620 494 2654 ad
519 2631 598 2664 pag.
624 2622 878 2667 Guadarrama,
903 2623 1029 2668 LGE.),
1054 2635 1157 2668 regno
1183 2625 1327 2661 Granat.
1354 2626 1474 2665 (Cerro
1499 2625 1556 2659 del
1582 2625 1640 2659 Sol
1670 2636 1722 2669 pr.
1754 2623 1910 2667 Granat.,

277 2664 426 2752 5511»qu
428 2669 468 2708 ἔ),
498 2666 596 2746 {aet
616 2667 742 2754 <(Jerez
766 2670 808 2704 de
833 2670 868 2704 la
891 2669 1073 2716 Frontera,
1109 2671 1213 2718 WK.,
1246 2684 1274 2708 c.
1301 2672 1469 2717 Cordova,
1498 2671 1683 2716 Chiclana,
1709 2671 1837 2711 LGE.).
1862 2690 1906 2694 ——

319 2739 325 2745 .
385 2723 403 2746 e
429 2724 516 2746 r.—‘
538 2725 588 2757 pr.
631 2726 659 2749 v.
684 2721 742 2753 νὴ.

324 2757 413 2793 Hab.
437 2759 473 2793 in
495 2759 618 2804 Lusit,
642 2761 756 2807 Angl,
780 2762 883 2800 Gall..
908 2762 1018 2807 Belg,
1042 2763 1174 2809 Bataua,
1193 2765 1321 2811 Germ,
1341 2765 1496 2811 Transs.,
1514 2765 1667 2809 Pedem,
1685 2762 1908 2799 Lombardia.

269 2873 274 2879 ¹
325 2828 403 2862 158.
435 2830 490 2862 M.
515 2830 746 2865 Desvauxii
769 2831 865 2866 LGE.
888 2832 1015 2876 Pugill.
1040 2832 1068 2867 I.
1094 2846 1132 2878 p..
1152 2837 1213 2870 24!
1241 2836 1420 2880 (Agrostis
1437 2836 1580 2871 minima
1600 2835 1793 2870 SCHOUSB.
1819 2834 1907 2876 hb.).

233 2873 358 2926 Differt
389 2884 411 2908 a
439 2875 742 2928 praeced-colore
778 2879 885 2914 totius
917 2879 1058 2924 plantae
1093 2881 1240 2925 pallido,
1265 2883 1359 2918 foliis
1389 2883 1479 2918 laxis
1507 2881 1692 2917 latioribus
1717 2881 1909 2916 culmorum

234 2919 413 2954 dimidium
437 2922 686 2973 attingentlbus
710 2930 744 2958 et
769 2924 912 2969 spiculis
935 2926 1077 2960 remotis
1117 2927 1270 2969 <singula
1294 2929 1430 2974 spicula
1463 2928 1566 2964 basin
1589 2948 1633 2953 --
1659 2938 1723 2963 nec
1757 2927 1909 2962 mediam

236 2971 383 3011 partem,
408 2972 446 3002 ut
469 2978 505 3002 m
529 2969 689 3013 praeced.
715 2990 759 2996 -
783 2972 960 3016 proximae
983 2972 1207 3016 attingente).
