1960 3237
1008 100 1067 145 98

287 223 328 259 In
358 224 453 260 silvis
484 224 656 259 umbrosis
687 221 862 258 Asturiar.
899 220 1051 262 (Gangas
1082 219 1124 253 de
1156 218 1283 265 Tineo,
1315 218 1431 261 DUR.)
1464 223 1500 254 et
1529 218 1693 253 Cantabr.
1727 218 1879 265 (Bilbao,

239 270 363 313 LGE.).
391 291 431 296 —
460 278 495 310 21.
520 270 614 315 Jun.,
639 269 709 304 Jul.
735 272 780 308 (n.
805 272 860 307 v.).

285 317 375 353 Hab.
400 317 437 352 in
460 317 551 352 Gall.
576 323 611 352 et
634 316 765 360 Europ.
790 313 878 360 med.
904 317 939 346 et
961 311 1095 346 boreali
1119 312 1222 347 omni.

801 382 941 428 Species
966 381 1120 416 incertae
1145 381 1254 419 sedis:

283 447 362 481 429.
394 447 439 480 F.
462 444 706 486 capillifolia
730 441 825 475 DUF.
851 439 894 474 cf.
911 439 953 472 R.
973 438 1005 473 S.
1024 444 1109 483 syst.
1128 439 1174 473 II.
1194 427 1280 474 535!
1307 438 1348 473 F.
1373 438 1466 473 foliis
1490 437 1624 481 glabris
1649 437 1878 482 capillaribus

195 492 377 537 elongatis,
400 491 512 526 culmo
537 493 570 524 2'
594 490 615 523 l.
640 494 754 523 erecto
779 486 912 531 gracili,
936 485 1102 530 panicula
1127 486 1346 521 subsecanda
1371 485 1535 528 elongata
1551 489 1708 531 nutante,
1734 485 1879 530 spiculis

195 538 341 584 4-floris,
365 539 470 583 palea
493 537 654 571 inferiore
678 533 831 568 breviter
855 533 1012 568 aristata.

287 585 329 620 In
351 584 486 620 fissuris
508 582 646 628 rupium
669 581 762 616 circa
785 580 942 624 Mojente
966 579 1003 613 in
1026 589 1133 622 regno
1158 578 1312 622 Valent„
1337 578 1434 613 DUF.
1460 597 1506 602 -
1533 584 1568 619 21.
1595 580 1640 617 (n.
1666 581 1724 617 v.).

309 655 492 696 CXXXII.
532 651 732 693 BROMUS
752 651 898 705 L.gen.
913 650 962 704 pl.
1006 649 1188 702 Spiculae
1207 648 1455 700 multiflorae,
1480 649 1606 702 primo
1633 648 1872 701 cylindrico-

195 714 423 763 subulatae‚
455 716 593 764 postea
623 709 736 750 valde
769 720 1043 762 compressae,
1078 708 1151 747 sub
1195 707 1351 747 anthesi
1393 708 1506 761 apice
1537 706 1736 758 dilatatae,
1767 706 1875 759 pani-

194 773 345 813 culatae
378 783 410 812 v.
441 780 687 809 racemosae.
754 767 916 807 Glumae
949 766 1197 818 inaequales,
1230 765 1398 805 inferior
1446 766 1648 816 l-nervia,
1692 764 1878 817 superior

195 829 388 870 3-nervia.
450 825 563 866 Palea
602 825 769 866 inferior
812 823 1210 865 susiformi-subulata
1251 823 1424 862 carinata
1457 822 1575 863 bifida
1610 835 1645 862 v.
1677 823 1878 862 bidentata

193 888 265 927 sub
296 887 406 939 apice
438 885 611 934 aristata,
642 883 848 923 rarissime
882 886 1111 922 mucronata
1143 893 1178 920 v.
1222 882 1377 921 mutica.
1441 881 1630 933 Stigmata
1674 881 1712 920 in
1755 880 1879 933 paleis

191 945 353 985 inclusa.
415 942 629 994 Caryopsis
661 940 931 990 canaliculata,
965 940 1076 992 apice
1108 939 1408 992 appendiculata
1441 938 1592 978 villosa.
1831 974 1842 983 ,

238 1013 384 1047 Sect.1.
421 1012 687 1043 Eubromus.
736 1007 863 1042 GODR.
898 1007 952 1041 Fl.
987 1007 1046 1040 Fr.
1080 1006 1146 1040 III.
1174 1007 1269 1041 582!.
1319 1005 1482 1050 Spiculae
1507 1005 1570 1040 sub
1603 1005 1743 1040 anthesi
1776 1005 1876 1050 apice

393 1056 574 1099 dilatatae,
598 1055 698 1098 longe
724 1055 905 1090 aristatae.
953 1053 1063 1088 Palea
1087 1053 1248 1098 superior
1273 1052 1318 1087 ad
1343 1052 1482 1088 carinas
1506 1051 1771 1096 rigido-ciliata.

764 1123 789 1166 †
835 1123 979 1158 Aristae
1004 1132 1142 1168 semper
1165 1127 1294 1158 rectae.

280 1185 358 1218 430.
392 1185 436 1218 B.
468 1185 674 1217 tectorum
711 1181 752 1217 L.
788 1181 869 1216 Cod.
903 1182 986 1216 642!
1028 1181 1153 1216 RCHB.
1186 1181 1234 1216 Ic.
1268 1181 1292 1215 l.
1326 1191 1355 1215 c.
1390 1180 1413 1214 f.
1449 1181 1554 1215 1582!
1597 1179 1651 1220 (B.
1685 1189 1879 1214 avenaceus

190 1229 367 1271 POURR.).
416 1229 565 1271 Erecta,
597 1229 720 1264 culmis
744 1230 859 1263 4-8”
884 1228 905 1262 l.
941 1229 1147 1274 gracilibus,
1178 1228 1272 1263 foliis
1302 1227 1495 1262 linearibus
1526 1226 1641 1271 planis
1672 1226 1878 1270 vaginisque

188 1277 339 1312 molliter
361 1276 642 1322 pubescentibus,
666 1276 849 1321 paniculae
873 1287 902 1310 v.
927 1276 1058 1310 racemi
1077 1275 1239 1320 1¹s2—2ss
1264 1274 1286 1309 l.
1312 1275 1470 1309 nutantis
1495 1274 1604 1309 ramis
1628 1273 1880 1318 pedunculisve

189 1324 344 1360 arcuatis
372 1323 661 1368 pubescentibus,
697 1323 840 1367 spiculis
874 1322 1036 1357 secundis
1067 1324 1208 1369 ²⁵s4—-1“
1232 1322 1254 1356 l.
1289 1321 1425 1363 (inclus.
1460 1321 1574 1363 arist.)
1613 1318 1880 1365 5—12-floris,

189 1370 333 1406 floribus
357 1370 594 1415 superioribus
619 1370 795 1404 sterilibus
820 1369 1070 1415 unipaleaceis,
1096 1369 1224 1413 glumis
1239 1368 1350 1413 'apice
1375 1368 1449 1402 late
1482 1367 1657 1412 scariosis,
1690 1367 1797 1411 palea
1829 1367 1879 1401 in-

188 1418 315 1453 feriore
339 1417 462 1452 villosa
485 1428 514 1451 v.
539 1416 781 1460 glabrescente
806 1416 961 1451 obsolete
986 1427 1134 1452 nervosa
1157 1416 1305 1451 aristam
1330 1425 1373 1449 ea
1397 1414 1590 1458 longiorem
1615 1419 1769 1457 gerente.

282 1464 323 1498 In
348 1463 520 1508 arenosis,
554 1463 678 1508 muris,
713 1463 816 1498 tectis
849 1474 913 1507 per
944 1468 1055 1498 totam
1090 1464 1164 1499 sine
1201 1462 1306 1497 dubio
1345 1461 1574 1506 Hispaniam,
1608 1461 1646 1494 in
1676 1459 1813 1496 boreali
1846 1464 1882 1494 et

236 1511 383 1546 centrali
406 1511 441 1544 in
465 1520 537 1553 reg.
561 1510 726 1544 inferiore
752 1513 795 1550 (v.
819 1521 847 1544 c.
873 1510 968 1545 circa
991 1509 1205 1555 Valladolid,
1230 1509 1379 1554 Burgos,
1403 1509 1502 1542 LGE.
1529 1508 1573 1542 ad
1596 1506 1677 1542 fluv.
1702 1506 1821 1551 Adaja
1845 1506 1880 1540 in

234 1557 388 1593 Castella
410 1562 489 1600 vet„
515 1556 615 1602 WK.,
642 1557 680 1590 in
706 1567 790 1600 agro
816 1556 978 1601 Madrit.,
1013 1557 1153 1602 COLM.,
1186 1567 1239 1601 pr.
1265 1556 1461 1601 Aranjuez,
1495 1555 1610 1599 LGE.,
1641 1554 1818 1599 BOUT.!),
1843 1553 1881 1587 in

235 1604 383 1639 australi
399 1604 435 1638 in
452 1604 594 1646 regione
610 1609 776 1639 montana
801 1609 835 1638 et
861 1604 980 1648 alpina
1006 1607 1049 1644 (v.
1068 1615 1097 1639 c.
1116 1604 1152 1638 in
1170 1603 1270 1647 regni
1286 1603 1366 1637 Val.
1384 1607 1493 1637 mont.
1511 1613 1564 1647 pr.
1583 1601 1755 1646 Albayda,
1774 1600 1880 1645 CAV.,

235 1651 271 1686 in
288 1651 320 1685 S.
347 1650 503 1695 Nevada,
529 1650 562 1685 S.
583 1650 727 1695 Tejeda,
753 1651 785 1685 S.
805 1650 846 1685 de
864 1650 986 1695 Lujar,
1013 1651 1046 1685 S.
1073 1650 1115 1685 de
1141 1651 1271 1695 Maria,
1297 1649 1330 1685 S.
1356 1649 1398 1684 de
1422 1649 1596 1693 Filabres,
1623 1648 1655 1683 S.
1682 1647 1725 1682 de
1750 1646 1881 1693 Gador,

232 1698 267 1733 la
291 1697 403 1741 Sagra
427 1702 493 1732 etc.
519 1697 563 1732 ad
589 1698 847 1741 2000—7000‘,
873 1698 969 1739 BSS.,
994 1697 1095 1740 ΨΚ,
1121 1697 1245 1739 Leda).
1272 1716 1318 1722 —
1343 1701 1391 1739 Θ.
1418 1696 1528 1741 Majo,
1554 1695 1636 1730 Jun.
1662 1698 1706 1736 (v.
1730 1699 1787 1737 v.).

280 1744 371 1778 Hab.
398 1744 433 1779 in
457 1743 589 1788 Europ.
616 1744 719 1790 omni,
745 1754 819 1779 exc.
845 1744 1002 1790 Lappon.
1029 1750 1064 1780 et
1087 1745 1236 1789 Britan,
1262 1743 1430 1779 Caucaso.

279 1803 358 1836 431.
391 1803 435 1836 B.
461 1803 616 1836 sterilis
641 1801 682 1836 L.
709 1801 790 1836 Cod.
818 1803 904 1837 639!
941 1803 1063 1837 RCHB.
1094 1803 1144 1838 Ic.
1169 1802 1191 1837 1.
1219 1813 1246 1837 c.
1281 1802 1304 1836 f.
1332 1802 1449 1836 1583!.
1499 1799 1628 1835 Differt
1661 1809 1682 1834 a
1711 1797 1875 1843 praeced.

188 1853 324 1884 statura
346 1848 479 1892 altiore,
502 1848 637 1891 vaginis
662 1848 868 1893 plerumque
893 1849 1037 1894 glabris,
1061 1849 1246 1894 paniculae
1271 1848 1410 1893 amplae
1435 1857 1544 1891 vagae
1569 1845 1678 1881 ramis
1703 1845 1876 1888 elongatis

188 1894 421 1939 scaberrimis,
446 1894 589 1939 spiculis
616 1895 651 1927 1·
658 1896 848 1940 [2—21s2“
872 1895 914 1941 l.,
939 1896 1066 1940 glumis
1101 1896 1274 1932 subulatis
1309 1900 1456 1939 anguste
1481 1893 1662 1939 scariosis,
1698 1892 1803 1937 palea
1826 1892 1876 1926 in-

186 1942 313 1977 feriore
336 1940 436 1975 valde
459 1951 606 1976 nervosa
630 1942 851 1976 scaberrima.

282 1987 323 2022 In
346 1988 514 2032 arenosis,
539 1987 725 2033 ruderatis,
751 1989 902 2033 incultis,
935 1989 1045 2024 muris
1075 1989 1228 2033 regionis
1259 1988 1441 2023 inferionis
1474 1992 1509 2022 et
1538 1991 1645 2022 mont.
1675 1995 1740 2029 per
1770 1988 1881 2019 totam

237 2034 311 2070 sine
341 2034 445 2069 dubio
475 2034 701 2079 Hispaniam:
738 2035 775 2069 in
806 2035 939 2070 Gallec.
971 2047 1091 2071 comm.
1119 2037 1291 2081 (PLAN.),
1322 2045 1430 2079 regno
1462 2034 1608 2078 Legion.
1643 2031 1877 2074 (Villafranca

235 2081 291 2116 del
322 2080 460 2126 Vierzo,
486 2081 608 2125 LGE.),
633 2092 716 2125 agro
741 2082 884 2117 Madrit.
909 2081 1089 2127 <LOEFL.,
1120 2083 1260 2129 COLM.,
1285 2082 1482 2129 Aranjuez,
1508 2081 1667 2117 BOUT.!.
1703 2078 1877 2124 Escorial,

233 2127 355 2173 ΕΘΗ),
382 2128 493 2162 Catal.
518 2128 666 2173 (COLM.,
693 2129 850 2173 CSTA.!),
877 2139 981 2172 regno
1005 2130 1084 2165 Val.
1110 2130 1245 2175 (CAV),
1272 2129 1305 2163 S.
1324 2129 1475 2164 Morena
1491 2128 1541 2169 (la
1557 2127 1733 2171 Carolina,
1750 2125 1875 2169 LGE.),

235 2173 378 2262 {hamat
405 2174 573 2220 (Malaga,
598 2175 699 2220 HS.!,
734 2175 767 2210 S.
791 2175 938 2210 Nevada
968 2176 1013 2210 ad
1044 2178 1147 2211 5000‘
1179 2187 1306 2222 usque,
1337 2175 1453 2219 WK.).
1479 2196 1524 2201 —
1555 2178 1604 2216 Θ.
1629 2172 1875 2218 Majo—Sept.

248 2233 278 2256 v.
302 2233 331 2255 v.
351 2249 357 2255 .

281 2266 370 2302 Hab.
396 2267 432 2301 in
455 2266 588 2312 Europ.
614 2268 718 2313 omni,
745 2273 879 2313 except.
906 2269 1145 2305 Scandinavia.

281 2327 361 2359 432.
393 2327 438 2359 B.
462 2328 670 2361 maximus
694 2326 814 2361 DESF.
839 2326 893 2360 Fl.
919 2326 978 2361 atl.
998 2327 1024 2361 I.
1043 2329 1098 2372 95,
1125 2333 1149 2363 t.
1176 2329 1236 2363 26!
1262 2327 1316 2368 (B.
1341 2324 1574 2360 Madritensis
1598 2323 1694 2358 DUB.
1721 2327 1756 2357 et
1781 2322 1875 2357 CAV.

191 2380 259 2406 non
282 2371 349 2412 L·)·
397 2371 639 2417 PluriculmiS,
672 2373 796 2408 culmis
828 2373 1005 2419 ’βα-1ης
1030 2374 1052 2408 l.
1084 2375 1223 2419 erectis,
1247 2374 1340 2408 foliis
1364 2372 1569 2415 vaginisque
1594 2370 1876 2415 pubescentibus,

191 2417 373 2461 paniculae
397 2420 511 2452 4—60
535 2419 558 2453 1.
584 2420 754 2454 obovatae
786 2419 1030 2455 densiusculae
1054 2422 1160 2456 ramis
1185 2419 1496 2457 semiverticillatis
1537 2417 1684 2463 erectis,
1731 2416 1876 2462 spiculis

192 2465 304 2498 3—-4“
329 2464 363 2509 l.,
387 2464 590 2501 4—6-fioris
615 2477 720 2511 saepe
743 2467 1026 2511 violascentibus,
1051 2468 1177 2511 glumis
1200 2467 1400 2513 praelongis
1418 2464 1592 2500 subulatis
1609 2464 1680 2499 late
1698 2463 1875 2508 scariosis,

190 2510 294 2555 palea
317 2511 481 2545 inferiore
506 2513 718 2547 scaberrima.
742 2513 888 2548 aristam
911 2523 953 2547 ea
975 2513 1080 2557 duplo
1104 2515 1253 2559 triplove
1278 2514 1471 2557 longiorem
1497 2516 1650 2555 gerente.

329 2557 366 2600 β.
390 2557 545 2638 glagra
569 2558 657 2594 WK.
705 2559 873 2605 Humilis,
908 2559 1118 2607 pauciflora,
1151 2561 1245 2597 foliis
1278 2566 1313 2595 et
1343 2559 1535 2605 praecipue
1565 2557 1711 2603 spiculis
1742 2555 1875 2600 glabris

393 2609 458 2638 nlti
484 2615 524 2639 1s.

282 2648 324 2683 In
347 2650 519 2695 arenosis,
556 2650 658 2686 cultis
687 2652 839 2695 regionis
868 2652 1045 2688 inferioris
1075 2653 1268 2700 Hispaniae
1292 2652 1446 2688 borealis
1471 2656 1506 2686 et
1529 2650 1698 2686 centralis
1722 2649 1872 2695 passim:

235 2695 272 2730 in
296 2695 429 2749 Gallec.
454 2696 596 2741 (ΜΕ),
628 2698 663 2731 in
693 2699 813 2734 Astur.
846 2699 982 2743 (Gijon,
1014 2699 1147 2746 ΒΗΚ),
1183 2711 1268 2744 agro
1292 2699 1456 2744 Madrit.,
1487 2698 1630 2744 COLM.,
1664 2696 1775 2731 Catal.
1808 2699 1874 2740 (pr.

236 2742 476 2788 Barcmonem,
501 2743 614 2788 FK.!),
638 2744 675 2777 in
698 2746 850 2789 provinc.
876 2745 1089 2781 australibus
1114 2747 1266 2791 undique
1290 2747 1472 2791 frequens;
1498 2765 1542 2770 --
1567 2748 1605 2789 β.
1630 2755 1683 2789 pr.
1709 2743 1874 2787 Gibralt.,

237 2788 326 2824 WK.
352 2809 396 2814 --
421 2793 469 2831 (ο).
495 2789 594 2835 Apr.,
618 2790 715 2834 Majo
739 2796 782 2831 (v.
805 2797 861 2833 v.).

283 2835 373 2871 Hab.
398 2837 435 2871 in
457 2836 609 2881 Balear.,
634 2835 738 2883 Gall,
766 2839 873 2884 Cors,
899 2838 991 2884 Ital.,
1016 2838 1121 2884 Sicil,
1146 2839 1273 2885 Dalm.,
1300 2839 1418 2886 Tum,
1441 2837 1566 2873 Africa
1588 2835 1732 2873 boreali.

507 2904 555 2947 ††
603 2904 747 2940 Aristae
771 2906 871 2943 initio
895 2911 1014 2942 rectae
1038 2906 1162 2941 deinde
1186 2913 1382 2944 extrorsum
1405 2907 1560 2954 patulae.

284 2963 362 2996 433.
399 2964 444 2996 B.
468 2963 748 2997 madritensis
772 2963 812 2998 L.
839 2964 920 2999 Cod.
945 2965 1029 3000 649!
1054 2964 1179 3000 ROHB.
1205 2965 1252 3000 Ic.
1277 2966 1299 3001 1.
1325 2977 1354 3001 c.
1378 2966 1401 3000 f.
1421 2967 1527 3000 1584!
1553 2964 1606 3005 (B.
1622 2962 1877 3009 polystachyus

193 3004 274 3053 Do,
298 3008 337 3043 B.
363 3009 491 3044 rubens
516 3008 638 3043 DESV.
655 3020 724 3044 non
738 3009 790 3055 L.⁷
815 3011 855 3045 B.
875 3011 1046 3047 diandrus
1063 3011 1196 3058 CURT.,
1213 3012 1252 3047 B.
1270 3013 1504 3049 scaberrimus
1521 3011 1632 3057 TEN„
1647 3010 1687 3045 B.
1703 3010 1877 3045 maximus
