1960 3237
852 96 938 131 XIX

53 211 230 247 HOCHST.
258 225 299 230 -
259 212 639 257 —,HOCHSTETTER
675 212 877 246 helbarium
903 212 1040 247 unionis
1065 212 1180 247 itiner.
1205 212 1460 249 Lusitanicum.

54 269 189 304 11s.—-
216 269 487 306 HAENSELER
529 269 675 308 Felicis,
715 269 1010 317 pl1a11nacopolae
1052 270 1291 307 Malacitanae
1328 272 1498 318 defuncti,
1539 272 1769 339 herbariuni·

192 317 282 352 Vide
306 317 543 352 PROLONGO

57 373 172 409 HUET
196 381 250 409 DU
290 374 329 409 P.
356 374 407 408 Pl.
443 373 553 418 Neap.
595 373 661 407 Sic.
690 387 730 391 -
757 373 872 408 ΗυΕἰ
905 382 961 410 DU
992 375 1221 420 PAVILLON
1247 374 1412 422 fratrum,
1450 376 1592 422 plantae
1617 376 1756 420 Neapo-

191 421 322 456 litanae
346 427 381 457 et
405 420 543 456 Siculae
567 399 783 463 exsiccatae,
809 421 908 457 annis
935 423 1165 458 1855-1856
1189 423 1313 458 lectae.

55 510 146 548 JssR.
174 527 218 542 =
243 511 412 557 Jnch,
438 512 656 548 Raimundus
679 523 718 551 a,
744 513 944 557 plaefectus
968 514 1157 550 saltuarius
1181 514 1404 560 Hispanicus.

56 605 184 641 KRAL.
209 620 254 626 --
226 605 461 651 ἡ,ΚΒΑῙΔΙΚ
487 606 540 647 L.
564 607 706 652 plantae
731 607 895 643 Corsicae
919 612 955 643 et
978 607 1205 651 Algerienses
1230 608 1438 644 exsiccatae.

56 699 155 734 LAG.
184 714 226 718 -
185 698 313 733 —LA
337 697 491 744 GASGA
528 697 700 744 Matiani,
735 699 876 744 plantae
915 699 950 734 in
987 699 1176 745 Hispania,
1214 702 1403 746 praecipue
1437 699 1594 736 Asturiis
1630 710 1752 743 regno-

198 756 264 789 que
304 745 463 781 Murcico
503 745 633 789 lectae
683 756 830 790 quarum
871 746 1002 781 multae
1049 747 1085 781 in
1135 747 1310 784 herbariis
1356 748 1541 783 Bouteloui
1589 747 1753 791 hortique

196 792 426 828 Madritensis
461 774 657 828 occurrun't
708 792 921 827 Herbarium
957 793 1068 839 ipsius
1107 794 1142 828 la
1180 793 1316 830 Gascae
1352 795 1387 829 in
1424 795 1585 830 manibus
1622 794 1754 828 habent

195 840 238 875 cl.
264 839 435 874 Colmeiro
461 845 496 874 et
519 839 672 874 Οτι-,39115

58 897 154 932 LGE.
174 910 217 978 -ῖ
235 897 391 943 LANGE,
416 896 580 939 Joannis
611 897 752 942 plantae
778 896 943 942 Emopae
968 897 1135 934 australis
1159 898 1369 946 exsiccatae,
1393 900 1494 935 annis
1521 897 1752 933 1851—1852

212 951 322 979 ectae.

60 1001 401 1084 LOP.--IL1{)PEZ‚
440 1001 628 1037 canonicus
653 1000 884 1036 Granatensis
921 1001 1121 1048 defunctus,
1159 1002 1217 1048 qui
1250 1003 1391 1053 plantas
1415 1003 1600 1039 nonnullas
1624 1001 1710 1045 legit
1735 1012 1757 1036 a

199 1059 217 1083 C
301 1055 460 1084 OISSIER
485 1049 587 1084 visas.

61 1107 156 1142 LOP.
182 1107 413 1142 SEOANE-
376 1121 413 1124 -
440 1106 578 1140 LOPEZ
603 1105 786 1151 SEOANE,
812 1104 1029 1149 Gallecicus‚
1064 1105 1230 1141 collector
1258 1107 1461 1152 plantarum
1487 1106 1757 1150 Gallecicarum,

201 1165 349 1198 quarum
373 1153 556 1189 nonnullas
582 1153 762 1188 nobiscum
787 1152 1056 1188 communicavit
1079 1152 1121 1188 cl.
1147 1152 1319 1189 GUIRAO.

61 1211 177 1248 LOSC.
204 1226 248 1240 -τ
274 1211 441 1253 1405003,
468 1210 661 1256 Francisci,
685 1210 1105 1257 botaniciAragonensis,
1130 1215 1273 1256 plantae
1288 1212 1536 1256 Aragonenses
1548 1210 1758 1246 exsiccatae.

374 1304 614 1347 MARTLNEZ,
641 1303 864 1347 Matthaeus,
899 1303 1173 1348 pharmacopola
1197 1303 1317 1348 oppidi
1343 1302 1666 1340 Castro-Urdiales,
1699 1300 1759 1344 qui

509 1350 713 1385 herbarium
737 1349 846 1384 florae
872 1349 1102 1386 Cantabricae
1129 1350 1282 1395 collegit.

373 1409 596 1443 MARTINEZ
621 1407 801 1453 ROBLES,
827 1408 1008 1444 Francisc.
1034 1408 1227 1451 Antonius,
1255 1408 1492 1453 agriculturae
1518 1407 1600 1443 olim
1625 1405 1760 1452 profes-

513 1467 571 1491 sor
597 1455 806 1498 Toletanus,
847 1456 906 1499 qui
936 1456 1077 1501 plantas
1101 1456 1286 1492 nonnullas
1311 1456 1347 1490 in
1371 1455 1547 1491 herbar-iis
1572 1453 1760 1489 Bouteloui

512 1508 547 1537 et
572 1501 781 1537 Haenseleri
805 1508 1004 1538 asservatas
1031 1503 1127 1546 legit.

63 1561 169 1597 Mun.
207 1574 250 1590 Σ
276 1550 423 1595 ΜΠΞὍΖ
458 1559 655 1604 CAPILLA,
700 1559 897 1605 Josephus,
938 1571 1102 1595 monacus
1139 1565 1175 1595 et
1212 1561 1395 1596 botanicus
1431 1558 1666 1594 Cordubensis
1703 1557 1762 1592 de-

202 1608 356 1652 functus,
383 1606 441 1651 qui
466 1607 608 1651 plantas
633 1607 817 1642 nonnullas
841 1607 883 1642 cl.
907 1606 1101 1641 BOISSOER
1125 1607 1232 1642 misit.

62 1409 242 1445 MARTIN.
271 1422 311 1439 ε

69 1699 159 1736 NEE
189 1715 227 1729 z
256 1698 361 1745 Nan,
399 1699 612 1743 LudovicuS,
650 1699 832 1734 botanicus
864 1699 1156 1744 Gallo-hispanus
1193 1700 1394 1744 defunctus,
1427 1698 1486 1743 qui
1525 1698 1663 1743 plantas
1687 1708 1768 1742 per-

204 1746 333 1782 multas
366 1747 401 1781 in
434 1746 618 1781 itineribus
651 1757 714 1791 per
738 1746 949 1791 Hispaniam
986 1746 1089 1787 factis
1127 1747 1228 1792 legit,
1263 1746 1414 1791 quaein
1438 1745 1614 1781 herbariis
1638 1745 1765 1780 Boute-

204 1794 276 1829 loui
301 1793 463 1838 hortique
490 1792 720 1828 Madritensis
746 1799 982 1829 asservantur.

68 1888 189 1922 PAPP.
218 1902 255 1915 z
285 1887 537 1931 PAPPERITZ,
570 1887 683 1930 pictor
707 1885 921 1922 Dresdensis
946 1885 1149 1932 defunctus,
1174 1887 1234 1931 qui
1259 1886 1294 1920 in
1319 1886 1445 1920 itinere
1469 1895 1533 1930 per
1557 1884 1768 1929 Hispaniam

207 1933 398 1969 australem
423 1934 515 1968 facto
539 1933 679 1978 plantas
705 1934 892 1969 nonnullas
917 1934 1070 1978 collegit.

69 1993 184 2028 PASC.
211 2007 256 2022 =
281 1993 471 2028 PASCUAL
504 1999 559 2026 DE
596 1991 836 2032 GONZALEZ,
872 1992 1113 2037 Augustinus,
1151 1991 1204 2027 rei
1241 1990 1435 2027 saltuariae
1466 1988 1680 2035 Hispanicae
1718 1988 1769 2022 iu-

207 2046 347 2084 spector
370 2045 405 2074 et
430 2038 631 2084 praefectus
656 2039 844 2083 generalis.

70 2099 282 2133 PERRAUD.
312 2113 351 2126 z
379 2096 698 2142 PERRAUDIERE,
723 2098 766 2132 de
791 2098 840 2143 la,
866 2097 1009 2142 plantae
1035 2097 1268 2133 Canarienses
1293 2096 1501 2131 exsiccatae.

71 2157 150 2192 PIC.
178 2170 218 2186 .—.:
244 2156 417 2195 PICARD,
455 2155 580 2190 medici
617 2156 783 2191 militaris
817 2155 1094 2200 Francogallici,
1134 2155 1277 2200 plantae
1316 2154 1352 2188 in
1388 2152 1582 2199 Hispaniae
1620 2148 1768 2188 australi

212 2203 339 2248 lectae,
365 2213 386 2237 a
411 2203 452 2237 cl.
479 2202 671 2237 BOISSOER
695 2203 789 2238 visae
817 2208 852 2238 et
875 2203 1016 2238 citatae.

72 2263 180 2298 PONS
210 2276 248 2292 z
275 2261 373 2296 RUIZ
396 2262 520 2307 PONS,
547 2261 712 2297 collector
736 2261 939 2306 plantarum
963 2261 1218 2296 Asturicarum.

74 2321 164 2356 ΡΟΖ.
189 2332 219 2354 v.
246 2327 326 2354 DEL
351 2321 441 2355 ΡΟΖ.
470 2335 512 2349 z
539 2320 572 2355 J.
598 2327 679 2354 DEL
703 2320 830 2364 POZO,
856 2319 1039 2363 Lagascae
1076 2317 1268 2363 discipulus
1299 2316 1501 2361 defunctus,
1539 2317 1597 2362 qui
1629 2316 1769 2361 plantas

214 2367 398 2403 nonnullas
422 2367 626 2413 hispanicas
651 2377 672 2401 a
697 2366 859 2410 Lagasca
884 2366 1079 2411 descriptas
1104 2365 1255 2408 collegit.

74 2427 227 2462 POURR.
254 2441 298 2455 z
332 2425 548 2466 POURRET,
591 2426 795 2461 herbarium
829 2425 1060 2470 Hispanicum
1095 2424 1243 2460 Madriti
1278 2428 1519 2459 conservatum
1555 2427 1590 2457 et
1626 2421 1769 2468 plantae

210 2473 424 2517 Hispanicae
450 2474 484 2507 in
509 2473 673 2508 herbario
698 2473 885 2508 Bouteloui
909 2478 1104 2508 contentae.

76 2531 198 2566 PROL.
223 2545 265 2611 ἴ
291 2531 539 2612 .ΡΒΟΙΙ,ἷΟΝ(ιΟ,1
568 2531 687 2584 Ifanli,
719 2531 920 2565 herbarium
946 2530 1195 2575 Hispanicum.
1235 2527 1325 2573 quod
1361 2527 1516 2563 continet
1552 2527 1658 2562 etiam
1691 2526 1770 2561 hcr-

247 2588 358 2612 arxum
420 2589 526 2613 aense
543 2589 604 2612 eri.

78 2636 187 2671 PUEL
211 2640 246 2670 et
270 2635 320 2670 M.
346 2649 389 2666 =
413 2636 524 2672 PUEL
548 2642 583 2671 et
607 2636 788 2679 MAILLE,
827 2636 969 2671 herbier
1003 2635 1064 2670 des
1089 2634 1195 2669 fiores
1222 2633 1459 2678 europeennes
1484 2638 1519 2667 et
1543 2632 1685 2667 herbier
1709 2631 1769 2666 des

214 2681 319 2717 fiores
344 2682 474 2719 locales
499 2683 541 2719 de
566 2683 602 2719 la
626 2684 776 2718 France.

78 2776 218 2819 QUINT.
246 2774 618 2828 z'QUINTANILLA,
651 2776 849 2823 Josephus,
888 2777 1036 2812 Plantae
1070 2775 1292 2810 castellanae
1327 2775 1361 2809 in
1397 2774 1496 2808 herb.
1522 2773 1614 2807 horti
1640 2771 1772 2806 Madri-

216 2828 324 2859 tensls
349 2828 583 2858 conservatae.

79 2915 210 2951 RAMB.
241 2930 277 2934 -
260 2916 502 2950 -ΒΑῊΒΠΗ
541 2918 778 2959 entomologus
824 2915 1095 2957 Francogallus
1137 2915 1192 2959 qui
1231 2915 1266 2948 in
1304 2914 1429 2949 itinero
1464 2924 1526 2957 per
1563 2912 1640 2945 Hisv
1632 2911 1770 2955 puniam

219 2974 280 2997 au
270 2963 426 3044 Halim-
446 2963 537 2996 suto
572 2963 710 3008 plantas
743 2965 872 3000 multas
897 2958 1054 3006 colligit,
1092 2973 1181 3008 quac
1206 2962 1247 2997 cl.
1274 2962 1465 2996 BOISSOER
1490 2959 1573 2994 ιίιίιῑ
1599 2966 1702 3002 atque
1728 2968 1772 2994 (x

218 3016 320 3056 parte
347 3021 405 3045 (cs
410 3010 544 3056 cripsit.
