1960 3237
915 119 1007 164 156

108 244 295 284 apiculatis
322 244 448 277 5-7‘0
472 244 505 285 1.,
540 244 623 278 tubo
648 243 781 278 virente
806 241 1033 281 brevioribus,
1060 240 1221 281 stellatis,
1248 250 1325 274 cum
1351 251 1478 275 corona
1503 241 1621 275 lobata
1647 241 1697 276 eis
1723 253 1807 286 qna-

111 290 233 334 (lruplo
258 291 416 325 breviore
441 291 562 325 niveis.

204 338 243 371 In
274 337 416 381 pascuis
453 337 624 371 humidis.
664 334 862 377 uliginosis,
899 332 943 366 ad
975 332 1106 375 fossas,
1142 332 1234 367 rivos
1267 332 1419 374 regionis
1451 333 1588 368 calidae
1612 333 1808 379 Hispaniae

154 384 339 419 australis:
374 384 410 417 in
444 394 550 426 regno
576 383 720 416 Granat.
751 383 794 415 (c.
821 380 1051 415 Carratraca.
1085 379 1189 421 HS.!,
1224 379 1432 423 Churriana,
1469 379 1618 425 Estepa,
1642 380 1679 415 in
1703 386 1808 416 mont.

155 430 321 475 Gibralt.⁷
352 431 436 465 BSS.
451 434 492 475 l),
516 431 614 464 Baet.
640 428 719 462 <isla
743 426 786 461 de
803 427 902 460 Leon
924 437 978 470 pr.
996 425 1114 461 Gades
1139 426 1278 470 abund,
1308 426 1405 466 WK„
1430 437 1459 461 c.
1478 426 1645 469 Cordova,
1664 427 1801 471 Sevilla.

154 477 229 512 Pto.
255 478 297 512 de
323 477 394 512 Sta.
419 477 546 514 Maria.
571 475 692 513 ΚΘΕ).
718 493 762 498 -
793 480 831 515 ιι.
857 472 949 517 Ja.n.,
975 473 1081 507 Febr.
1107 476 1150 512 (v.
1175 477 1232 513 v.).
1284 473 1434 508 »Meado
1459 473 1502 508 de
1525 485 1661 509 zorra«.

200 525 290 559 Hab.
315 524 350 558 in
375 524 500 563 Lusit..
526 522 628 561 Gall..
654 521 787 564 Ligur,
814 520 941 561 Dalm..
965 530 1075 562 regno
1099 519 1344 564 Neapolitano.

128 569 141 575 '
198 573 276 605 696.
315 573 365 605 N.
390 571 646 613 polyanthus
672 567 780 601 LOIS.
806 566 965 601 Narciss.
993 568 1047 601 36.
1081 566 1206 601 RCHB.
1233 567 1280 601 Ic.
1306 567 1327 601 l.
1354 579 1382 601 c.
1409 566 1430 601 f.
1457 567 1546 602 814!
1572 565 1630 600 (N.
1657 565 1807 601 Tazetta

107 616 201 652 ALL.
226 629 292 652 non
317 617 369 661 L.,
395 617 500 651 Nare.
533 614 654 649 latifol.
686 625 830 658 prorsus
861 613 963 647 albus
995 612 1023 647 Ι.
1057 617 1092 647 et
1116 613 1163 647 II.
1189 613 1301 648 CLUS.
1327 613 1419 648 Hist.
1446 613 1479 657 I,
1508 614 1609 655 1552,
1643 612 1688 648 N.
1715 618 1809 648 totus

105 663 207 700 albus
238 665 335 708 prior
360 663 470 697 CLUS.
496 661 597 705 Hisp.
624 661 724 705 2482,
750 659 941 695 Hermione
966 660 1162 704 polyantha
1186 660 1330 701 HAW.).
1379 660 1508 695 Differt
1539 670 1561 693 a
1584 670 1720 704 praee,
1754 660 1810 694 cui

105 711 305 753 persimilis,
332 720 435 753 scapo
461 708 632 743 subtereti
656 707 750 742 foliis
767 707 973 752 plerumque
991 706 1163 749 breviore,
1188 706 1385 742 floribundo
1405 706 1496 749 (flor.
1514 708 1655 750 8—20)‚
1682 717 1811 742 corona

104 756 256 802 integra,
281 756 412 802 pallide
438 755 641 790 lutescente.

197 804 282 838 Cum
306 801 467 847 praeced.
492 802 528 835 in
552 812 648 845 prov.
673 799 853 834 Gaditana
876 810 905 834 c.
931 797 1062 844 Gades,
1087 798 1268 838 Chiclana.
1292 799 1369 835 Pto.
1395 799 1485 834 Real
1509 804 1545 835 et
1568 799 1646 835 Pto.
1672 799 1715 834 de
1735 799 1807 834 Sta.

150 851 268 885 Maria
290 849 412 893 frequ.,
437 848 538 892 WK.,
561 848 598 882 in
622 852 729 881 mont.
755 846 918 886 Gibralt.,
944 845 1071 891 CLUS.,
1096 865 1141 871 —
1166 851 1203 887 ιι.
1236 845 1329 891 Jan.‚
1354 846 1461 881 Febr.
1487 851 1530 887 (v.
1557 851 1612 887 v.).

198 897 287 931 Hab.
313 896 348 930 in
372 895 464 929 Gall.
492 894 628 935 merid.,
653 893 746 937 Ital„
773 892 965 928 Dalmatia.

153 957 244 987 Soet.
285 955 361 986 t'll.
413 954 475 986 Na
488 954 585 986 rei-s·
595 963 673 985 sus
698 950 814 985 HAW.
840 949 860 984 l.
887 960 915 985 c.
943 951 1027 986 148!
1060 949 1196 985 Corona
1220 948 1405 994 patellaris
1431 949 1616 985 crenulata
1638 949 1811 995 perigonii

311 999 448 1033 laciniis
481 997 649 1033 stellatim
683 996 887 1042 patentibus
924 996 1103 1033 multoties
1136 995 1283 1031 brevior.
1334 997 1456 1032 Tubus
1489 997 1627 1031 laciniis
1662 996 1811 1032 brevior.

307 1044 507 1080 Filamenta
531 1045 596 1080 toti
622 1045 705 1079 tubo
732 1043 879 1087 adnata,
906 1043 1065 1079 antheris
1091 1042 1204 1079 solum
1229 1043 1351 1078 liberis
1378 1044 1454 1079 tubi
1479 1054 1539 1079 ore
1564 1043 1811 1078 nidulantibus

310 1091 474 1127 brevibus
514 1091 645 1127 crassis
679 1090 1077 1135 subcymbaeformibus.
1134 1089 1254 1136 Stylus
1285 1095 1402 1126 rectus
1438 1091 1608 1126 antheras
1640 1100 1811 1135 aequans,

309 1139 473 1183 stigmate
493 1139 631 1182 exiguo.
680 1138 819 1183 Spatha
845 1136 1051 1173 1—2-flora.
1108 1136 1233 1173 Flores
1257 1137 1413 1173 breviter
1436 1136 1651 1183 pedicellati.
1707 1137 1813 1172 Folia

312 1186 427 1230 plana.

62 1275 71 1286 .
197 1243 275 1278 697.
323 1245 376 1278 N.
402 1245 590 1284 poeticus
614 1240 655 1276 L.
682 1239 765 1275 Cod.
794 1250 826 1274 n.
854 1240 965 1276 2304!
1006 1239 1130 1275 ROHB.
1157 1239 1206 1275 Ic.
1232 1238 1295 1284 IX,
1320 1239 1343 1274 f.
1368 1240 1455 1275 8081
1483 1238 1541 1279 (N.
1561 1238 1812 1284 angustifolius

106 1288 225 1334 L01s.‚
249 1289 294 1325 N.
319 1289 488 1325 uniflorus
514 1289 664 1330 HOLL.).
714 1285 897 1322 Unifiorus
922 1286 1056 1325 (rariss.
1088 1285 1269 1330 biflorns),
1301 1285 1407 1321 bulbo
1432 1297 1540 1331 parvo
1564 1292 1685 1331 ovato,
1720 1287 1812 1322 foliis

106 1335 408 1379 glaucescentibus
440 1348 583 1381 scapum
616 1333 806 1378 ancipitem
837 1335 968 1377 72—1‘
992 1333 1015 1369 l.
1048 1333 1361 1379 subaequantibus,
1386 1332 1474 1369 flore
1498 1343 1625 1377 magno
1649 1333 1809 1378 candido,

106 1393 234 1418 corona
257 1384 452 1419 lutescente
476 1394 536 1419 ore
560 1380 966 1428 purpureo—marginata.

198 1430 239 1464 In
263 1431 377 1475 pratis
401 1430 552 1474 regionis
577 1434 682 1464 mont.
708 1427 858 1472 Hispan.
882 1426 1026 1462 central.
1053 1431 1088 1462 et
1113 1425 1312 1462 orientalis:
1338 1425 1375 1461 in
1398 1431 1548 1470 utraque
1572 1425 1667 1461 Cast.
1693 1426 1809 1467 (Mon-

154 1481 206 1512 tes
232 1476 274 1512 de
287 1477 431 1523 Burgos,
459 1477 492 1512 la
504 1476 681 1521 Alcarria,
706 1474 827 1520 PAL.),
852 1474 964 1509 Catal.
983 1473 1210 1519 (Monserrat‚
1227 1473 1404 1519 Monseni,
1429 1473 1578 1509 COLM.).
1596 1492 1642 1498 —-
1669 1474 1811 1518 21.Ap1·.

154 1522 253 1558 Ma‘o
292 1536 323 1559 n.
351 1536 405 1559 v..

198 1524 288 1605 tiabi
313 1571 349 1605 in
373 1525 476 1615 Gall„
503 1569 616 1614 Angl,
642 1568 788 1613 Europa
813 1566 915 1612 med,
941 1566 1034 1612 Ital,
1060 1565 1188 1611 Dalm,
1215 1566 1332 1609 Ture,
1356 1565 1518 1601 Graecia.

714 1651 884 1692 Species
909 1649 1207 1690 inquirendae:

108 1722 610 1763 Nax-ci.9311.·;(Queltia)
638 1721 1026 1763 incomparabilis
1051 1716 1587 1763 M11.1..Dict.‚R.Scn.Syst.
1607 1716 1803 1761 VII,9471

245 1766 366 1801 RCHB.
386 1767 433 1802 Ic.
453 1767 515 1812 IX,
541 1766 563 1801 f.
589 1767 693 1812 &1915
721 1787 763 1791 —-
789 1767 825 1800 in
850 1765 941 1800 Gall.
968 1765 1078 1801 occid.
1104 1771 1140 1800 et
1165 1764 1324 1809 australi,
1351 1764 1501 1800 fortasse
1528 1765 1636 1800 etiam
1659 1764 1697 1799 in
1722 1764 1813 1799 Can-

246 1814 334 1848 tabr.
361 1814 415 1849 vel
440 1814 658 1849 Catalaunia.

109 1862 140 1893 N
179 1860 397 1904 (Queltia)
422 1862 747 1904 poculiformis
772 1859 939 1901 SALISB.,
965 1858 1006 1893 R.
1033 1858 1120 1892 Son.
1145 1856 1337 1902 Syst.V11,
1364 1858 1451 1892 949!
1478 1877 1519 1881 —-
1547 1857 1582 1891 in
1607 1857 1813 1903 Pyrenaeis,

110 1908 153 1940 N.
183 1908 396 1952 (Queltia)
422 1909 785 1952 qalanthv'folius
810 1906 851 1940 R.
877 1906 965 1941 ΒΘΗ.
991 1906 1013 1939 l.
1039 1917 1067 1940 c.
1094 1906 1198 1948 950t3
1231 1923 1266 1928 —-
1295 1904 1331 1937 in
1355 1903 1560 1948 Pyrenaeis.

112 1954 155 1987 N.
183 1953 486 1999 (Ganymede-5¹)
514 1966 559 1987 re
571 1955 704 1996 flexu
718 1965 737 1986 S
760 1953 886 1987 Bnor.
912 1953 966 1987 Fl.
992 1952 1058 1987 lus.
1084 1951 1127 1986 R.
1153 1951 1242 1986 SCH.
1260 1950 1352 1996 Syst.
1370 1950 1392 1985 l.
1411 1962 1439 1986 c.
1454 1952 1557 1997 952!;
1575 1970 1620 1976 —-
1644 1950 1681 1985 in
1696 1950 1813 1986 Lusit.

244 2000 387 2043 boreali,
409 1999 557 2035 fortasse
582 2000 617 2033 in
642 1999 776 2034 Gallec.
801 2011 830 2034 V.
856 2010 963 2043 regno
987 1998 1210 2043 Legionensi.

110 2049 150 2081 N.
177 2048 464 2090 (Phimqyne)
489 2049 655 2080 odorus
680 2046 720 2081 L.
748 2046 829 2081 Cod.
857 2048 984 2087 23112,
1012 2046 1054 2080 R.
1080 2045 1169 2080 SOH.
1194 2045 1216 2079 1.
1244 2055 1272 2079 c.
1298 2045 1384 2080 958!
1412 2064 1456 2069 —
1487 2045 1524 2079 in
1548 2043 1639 2078 Gall.
1667 2043 1815 2079 australi

242 2098 276 2127 et
299 2093 426 2138 Pyren.
451 2092 740 2133 occidentalibus.
766 2093 916 2128 fortasse
942 2093 1049 2127 etiam
1073 2092 1109 2126 in
1134 2092 1309 2133 Cantabr..
1335 2091 1498 2127 Navarra
1530 2103 1559 2126 v.
1592 2090 1813 2125 Catalaunia.

111 2141 150 2173 N.
179 2140 450 2183 (Hermione)
482 2141 819 2182 minutif'lorus
849 2140 933 2174 WK.
959 2140 1037 2174 Bot.
1062 2138 1153 2173 Zeit.
1181 2139 1282 2183 1860,
1308 2150 1341 2184 p.
1369 2140 1472 2183 104!;
1494 2157 1533 2161 --
1561 2138 1598 2172 in
1622 2137 1814 2181 Algarbiis,

244 2186 475 2230 probabiliter
499 2186 535 2220 in
560 2186 592 2220 S.
619 2185 768 2220 Morena
792 2187 899 2221 occid.
926 2199 955 2220 v.
983 2187 1138 2221 Baetica.

111 2234 151 2265 N.
182 2232 445 2275 (Hermione)
472 2234 784 2266 intermedius
808 2233 915 2267 LOIS.
942 2233 995 2268 Fl.
1022 2233 1116 2276 gall,
1142 2231 1282 2277 GREN.,
1306 2231 1436 2267 GODR.
1463 2231 1517 2266 Fl.
1536 2231 1596 2266 Fr.
1615 2230 1681 2274 III,
1708 2224 1830 2275 258*

250 2298 294 2303 —-
318 2279 355 2313 in
378 2279 469 2314 Gall.
496 2279 717 2322 occidentali,
743 2278 892 2314 fortasse
917 2280 953 2314 in
977 2279 1177 2315 Cantabria.

109 2326 444 2371 N.,'„·‚(He1·mione)
470 2328 785 2370 chrysanthus
810 2326 880 2360 DC.
907 2326 960 2360 Fl.
987 2327 1029 2361 fr.
1056 2326 1188 2369 HLR.
1216 2325 1304 2360 SCH.
1331 2325 1352 2359 l.
1378 2336 1407 2360 c.
1435 2326 1540 2370 97l!;
1567 2343 1611 2349 —-
1636 2323 1672 2358 in
1695 2323 1814 2358 Gallo-

245 2372 435 2417 provincia,
461 2373 615 2408 fortasse
641 2372 675 2405 in
702 2371 876 2416 Hispania
901 2372 1212 2408 austro-orientali.

111 2419 154 2451 N.
182 2419 451 2462 (Hermione)
477 2421 638 2453 dubius
663 2418 761 2453 GOU.
794 2419 863 2457 Ill..
889 2419 1013 2454 RCHB.
1040 2420 1087 2454 Ic.
1121 2420 1143 2454 l.
1169 2431 1197 2454 c.
1224 2419 1246 2452 f.
1272 2419 1375 2461 812!;
1401 2437 1445 2442 —
1477 2417 1513 2451 in
1537 2416 1629 2451 Gall.
1656 2415 1812 2451 australi.

247 2463 396 2499 fortasse
420 2465 457 2499 in
480 2465 584 2510 Hisp.
612 2466 927 2501 austro-orientali.

112 2510 154 2543 N.
182 2510 451 2553 (Hermione)
477 2513 619 2555 elegans
646 2512 791 2546 SPACH.
821 2513 911 2547 Ann.
937 2524 983 2547 sc.
1010 2517 1080 2547 nat.
1107 2514 1178 2548 bot.
1207 2512 1312 2555 18583
1339 2530 1383 2535 —
1408 2510 1444 2545 in
1462 2521 1544 2554 agro
1564 2510 1754 2553 Tingitano
1776 2514 1811 2544 et

251 2556 415 2602 Algeria3
442 2558 592 2593 fortasse
619 2559 656 2593 in
680 2559 839 2594 Baetica.

530 2668 639 2713 Fam.
679 2669 754 2714 23.
826 2668 1101 2714 AGAVEAE
1137 2668 1282 2713 ENDL.
1315 2663 1352 2711 ᾖ.

228 2753 384 2793 Plantae
415 2754 634 2808 longaevae
667 2757 882 2810 giganteae
909 2755 1048 2796 radice
1082 2755 1227 2794 fibi-osa
1263 2754 1444 2808 lignosa,
1495 2755 1601 2795 foliis
1634 2755 1805 2794 ensifor-

113 2810 238 2849 'nibus
283 2813 464 2852 carnosis
508 2814 545 2852 in
593 2815 766 2853 rosulain
810 2813 1016 2867 congestis
1057 2825 1078 2851 c
1112 2824 1280 2865 quorum
1312 2818 1452 2853 centro
1485 2812 1643 2852 demum
1677 2813 1806 2865 surgit

112 2867 235 2907 caulis
276 2868 429 2909 florifer
471 2871 651 2922 aphyllus
696 2872 766 2911 sed
815 2876 1046 2924 squamatus
1079 2870 1346 2923 (pedunculus
1377 2871 1619 2916 communis)
1653 2871 1804 2921 ingenti

114 2926 410 2978 magnitudine,
451 2928 517 2980 qui
560 2940 693 2979 cymas
735 2930 967 2970 multiflores
1011 2929 1230 2982 paniculum
1273 2929 1559 2982 pyramidatarn
1595 2928 1810 2968 formantes

223 3038 238 3057 ²¹*
273 3039 401 3065 Auctore
423 3041 613 3065 Wintkomz.
