1960 3237
954 119 1051 164 284

161 240 441 284 ovato-oblongis
472 251 549 274 cum
573 241 731 274 acumine
757 239 951 274 lanceolato
975 243 1079 273 acuto
1102 237 1348 283 integerrimo,
1385 237 1548 274 dentibus
1573 237 1736 283 utrinque
1762 239 1852 274 2-3

160 290 308 325 setaceis
332 288 430 323 valva
454 287 680 322 brevioribus.
726 287 853 320 Planta
877 284 1060 320 fructifera
1085 285 1199 321 minus
1222 283 1392 320 flavescit.
1465 288 1470 295 ·

250 335 307 371 Ad
341 335 470 377 fossas,
507 333 544 367 in
579 333 760 376 uliginosis
797 332 939 367 Castell.
971 341 1081 366 novae
1117 331 1174 377 (ad
1210 330 1247 367 fl.
1272 331 1526 377 Manzanares,
1568 330 1660 366 CUT.
1685 331 1792 374 AMO)
1818 336 1858 368 et>

205 383 315 417 Catal.
342 380 515 423 (CSTA.!).
541 400 585 405 —
611 383 650 422 c(-
677 378 892 423 Jul—Sept.
917 378 958 423 (v.
985 378 1038 421 s.).

251 429 342 464 Hab.
367 428 403 462 in
428 426 530 470 Gall.,
555 426 664 470 Belg.‚
688 426 788 463 Bau<
809 425 927 469 Angl„
957 425 1058 469 Dan,
1088 424 1202 470 Helv.,
1225 424 1360 470 Austr.,
1385 423 1514 470 Hung,
1540 424 1698 469 Transs.,
1724 423 1852 466 Croat..

207 475 322 520 Turc.,
346 474 426 510 Ital.
451 474 561 518 infer.,
587 472 687 507 Ross.
713 471 846 517 mend„
872 471 1012 507 Sibiria.

207 537 301 568 Sec-t.
333 535 376 568 Η,
416 531 730 574 Platypodium
763 528 852 563 WK.
877 528 968 563 ined.
1018 528 1141 563 Flores
1176 528 1479 574 hermaphroditi,
1528 528 1703 574 pedicello
1734 538 1854 564 crasso

370 577 504 622 apicem
527 586 647 610 versus
672 575 773 610 valde
798 575 946 610 dilatato
972 575 1344 611 cuneato-lanceolato
1385 577 1507 611 subtus
1542 575 1678 611 sulcato
1708 576 1853 610 maturi—

362 624 446 659 tatis
479 628 633 666 tempore
656 628 1001 657 arcuato-recurvato
1034 622 1079 657 ad
1110 622 1210 656 basin
1243 623 1431 658 articulato
1464 622 1669 658 insidentes,
1717 622 1851 658 Valvae

365 670 501 705 demum
526 669 723 713 coriaceae,
750 669 912 713 utrinque
936 670 973 703 in
998 669 1120 704 (lentes
1145 679 1282 704 crassos
1299 669 1431 714 rigidos
1448 670 1655 714 saepissime
1672 669 1855 704 uncinatos

365 717 516 758 divisae,
550 716 732 750 ecallosae.
782 716 872 761 Styli
906 716 1016 751 ovarii
1041 716 1178 759 angulis
1204 715 1335 751 adnati.
1362 737 1406 741 —
1430 717 1534 751 Folia
1558 717 1635 752 basi
1660 721 1853 759 attenuata,

360 762 602 806 integerrima,
644 762 782 806 stipulis
820 763 934 806 longis
974 763 1139 798 scariosis
1185 762 1406 799 nitidissimis
1439 764 1584 799 munita.
1635 763 1705 809 (An
1736 763 1854 808 potius

363 820 471 853 genus
496 809 710 853 propriunffl)

254 868 353 902 1115.
379 870 426 901 R.
452 868 846 907 bucephalophorus
872 866 912 900 L.
933 866 1014 901 Cod.
1042 868 1150 902 2590!
1178 868 1347 902 MEISSN.
1373 867 1395 902 l.
1414 878 1442 901 c.
1469 868 1530 902 62!
1559 867 1654 902 CAV.
1679 866 1728 902 Ic.
1746 872 1770 902 t.
1786 869 1853 912 47.,

155 916 177 949 f.
206 916 254 956 12,
287 914 418 947 SIBTH.
450 912 504 946 Fl.
530 913 656 947 Graec.
689 919 713 948 t.
740 915 822 947 345!
851 913 914 960 (Pu,
930 914 1111 949 aculeatus
1143 914 1184 948 L.
1212 914 1292 949 Cod.
1320 915 1426 949 2604!
1467 919 1558 949 teste
1590 914 1770 954 MEISSN.,
1809 914 1853 949 R.

154 963 438 996 membranacea-3
468 959 592 1004 POIR.,
625 960 828 1004 Lapathum
860 960 1121 1005 bucephaloph.
1148 961 1308 1006 LAMK.).
1358 961 1489 995 Glaber
1522 961 1747 1006 pluricaulis,
1772 972 1851 996 cau-

154 1009 244 1043 libus
280 1007 487 1051 plerumque
525 1006 820 1041 adscendentibus
859 1007 984 1050 (medio
1015 1012 1146 1049 erecto)
1171 1007 1400 1053 2¹¹-1¹s2‘l.
1428 1008 1714 1052 subsimplicibus
1733 1037 1740 1049 ,
1777 1008 1852 1053 pal-

152 1055 233 1089 lidis
257 1053 394 1098 nitidis,
430 1053 522 1087 foliis
559 1053 686 1087 infimis
724 1053 977 1098 subi-osulatis,
1015 1055 1458 1098 spathulato-lanceolatis
1498 1055 1780 1091 subrotundisve.
1818 1055 1853 1089 in

152 1102 319 1144 petiolum
371 1101 472 1143 longe
512 1101 721 1143 attenuatis,
763 1100 910 1134 caulinis
944 1101 1172 1145 lanceolatis,
1224 1103 1369 1138 summis
1416 1102 1636 1146 linearibus,
1693 1102 1852 1137 omnibus

153 1148 263 1183 acutis
301 1147 392 1181 laete
429 1145 609 1191 viridibus,
647 1147 829 1182 verticillis
867 1147 902 1181 in
935 1158 1114 1182 racemum
1139 1149 1333 1193 simplicem
1376 1149 1517 1192 longum
1564 1159 1664 1184 secus
1698 1149 1852 1184 caulium

152 1200 290 1239 partem
317 1193 533 1238 superiorem
570 1192 768 1238 dispositis,
800 1193 1026 1229 inferioribus
1074 1194 1286 1231 distantibus
1323 1195 1476 1240 foliatis,
1509 1196 1657 1240 reliquis
1692 1196 1853 1240 approxi-

151 1241 254 1276 matis
286 1240 458 1285 aphyllis,
484 1240 666 1284 pedicellis
690 1241 870 1286 perigonio
900 1241 1080 1276 fructifero
1105 1242 1342 1288 longioribus,
1368 1243 1477 1278 valvis
1503 1242 1853 1286 deltoideo-oblongis

150 1289 245 1322 vario
270 1287 371 1322 modo
389 1286 683 1332 inciso—dentatis,
709 1287 813 1322 dorso
830 1288 1137 1324 elevato-nervoso.
1155 1310 1199 1314 —
1217 1290 1344 1326 Variat
1367 1300 1579 1334 magnopere
1603 1289 1718 1334 quoad
1735 1300 1853 1324 nume-

150 1346 226 1368 rum
245 1341 278 1369 et
296 1333 547 1377 longitudinem
565 1340 599 1369 et
613 1334 760 1369 formam
778 1334 951 1379 dentium,
978 1336 1254 1378 magnitudinem
1271 1337 1448 1371 valvarum
1467 1342 1501 1371 et
1517 1337 1769 1381 pedicellorum
1787 1342 1851 1371 etc.

154 1381 206 1415 De
232 1381 357 1425 quibus
383 1380 652 1427 variationibus,
678 1392 767 1425 quae
792 1382 827 1415 in
852 1382 1013 1417 cohortes
1040 1382 1127 1418 duas
1160 1384 1335 1428 (dentibus
1368 1384 1548 1418 valvarum
1588 1394 1713 1428 nempe
1744 1383 1852 1418 rectis

151 1434 185 1463 et
209 1429 308 1473 apice
335 1427 520 1471 uncinatis)
555 1428 672 1471 colligi
706 1434 870 1472 possunt,
904 1429 946 1463 cf.
973 1429 1196 1465 STEINHEIL
1227 1431 1264 1465 in
1287 1430 1380 1465 Ann.
1415 1442 1462 1465 sc.
1497 1435 1568 1465 nat.
1595 1430 1647 1464 IX
1673 1431 1792 1475 (1838)
1818 1442 1851 1475 p.

151 1476 236 1510 200!
263 1480 297 1510 et
311 1474 438 1508 GREN.
453 1474 580 1509 GODR.
605 1475 658 1509 Fl.
678 1475 719 1509 de
745 1475 878 1510 Friv.
905 1478 968 1511 41!
995 1476 1068 1511 Nos
1093 1478 1246 1513 nonnisi
1270 1477 1461 1512 varietates
1480 1477 1567 1512 duas
1586 1477 1851 1521 distinguimus:

292 1533 326 1556 α.
352 1531 526 1556 annuus.
576 1522 809 1565 Multicaulis,
847 1522 964 1557 radice
989 1524 1276 1567 perpendiculari
1308 1524 1406 1560 tenui
1429 1525 1579 1567 fibroso,
1613 1524 1712 1559 caule
1738 1524 1851 1558 medio

359 1573 493 1613 erecto,
520 1568 667 1613 reliquis
695 1568 1078 1605 adscendenti—erectis.

289 1614 325 1656 β.
351 1616 632 1659 perennans?
677 1615 852 1651 Rhizoma
885 1617 925 1661 (22)
959 1617 1146 1661 multiceps
1178 1616 1391 1662 flexuosum,
1431 1617 1590 1652 caulibus
1623 1618 1851 1662 procumben-

359 1661 452 1696 tibus
486 1662 563 1696 basi
595 1662 730 1705 vaginis
766 1663 929 1698 foliorum
963 1670 1201 1699 emortuorum
1225 1665 1379 1709 vestitis,
1411 1664 1548 1699 inferne
1573 1664 1725 1710 foliosis,
1758 1664 1850 1699 foliis

360 1707 488 1743 infimis
512 1709 714 1753 longissime
739 1710 932 1754 petiolatis.

256 1753 297 1787 In
321 1755 494 1800 arenosis,
520 1756 744 1798 graminosis,
772 1757 888 1803 cultis,
914 1756 1086 1801 glareosis
1110 1757 1147 1791 in
1171 1757 1314 1801 regione
1338 1757 1522 1801 inferiore,
1558 1769 1592 1791 ιι.
1618 1767 1683 1802 per
1714 1768 1851 1792 omnem

194 1800 312 1835 forsan
346 1801 577 1847 Hispaniam,
627 1804 818 1848 praecipue
867 1804 904 1838 in
943 1804 1093 1838 centrali
1132 1809 1167 1839 et
1202 1804 1351 1839 australi
1390 1804 1579 1849 frequens,
1633 1804 1670 1841 in
1717 1804 1852 1839 boreali

203 1847 316 1882 rarius
339 1848 471 1888 (Astur.
497 1861 549 1893 pr.
574 1849 696 1895 Gijon,
722 1850 860 1895 ΒΗΚ),
898 1853 936 1894 β.
962 1849 1201 1886 Gibraltariae
1227 1851 1263 1884 in
1288 1861 1398 1885 arena
1421 1850 1542 1888 mobili
1579 1856 1684 1895 atque
1708 1851 1744 1885 in
1769 1861 1848 1895 gra-

194 1893 316 1929 minos.
342 1895 386 1928 ad
410 1895 523 1929 sinum
547 1896 738 1931 Gibraltar.
766 1897 894 1941 (WK.).
920 1917 964 1922 -—
990 1901 1039 1939 Θ.
1069 1907 1105 1939 22.
1133 1898 1186 1938 (‘?).
1211 1897 1429 1942 Apr.—Jun.
1479 1898 1521 1941 (v.
1546 1902 1602 1937 vj).

240 1940 330 1974 Hab.
367 1942 402 1976 in
436 1942 548 1978 Lusit.
582 1949 616 1978 et
647 1954 711 1988 per
750 1954 886 1979 omnem
925 1955 1049 1979 zonam
1088 1944 1329 1990 mediterran.,
1370 1945 1408 1978 in
1448 1943 1584 1990 Canan,
1626 1943 1743 1988 Azor.,
1784 1944 1849 1980 ins.

199 1986 380 2023 Mauritio.

205 2049 297 2081 Sec-t.
326 2049 396 2081 HI.
431 2049 683 2082 Acetosena
714 2049 882 2084 MEISSN.
908 2049 931 2084 l.
956 2061 985 2084 c.
1012 2051 1073 2084 63!
1122 2049 1246 2084 Flores
1278 2049 1392 2084 dioici.
1441 2048 1667 2091 Perigonium
1695 2048 1854 2084 fructife-

305 2107 313 2115 ·
360 2104 437 2127 rum
462 2094 636 2139 clausum,
662 2106 731 2130 non
755 2102 916 2137 auctum,
953 2096 1126 2131 achaenio
1150 2101 1247 2130 arcte
1270 2096 1496 2141 adpressum,
1533 2094 1643 2130 valvis
1666 2095 1852 2130 herbaceis

355 2140 547 2176 immutatis
573 2141 819 2185 integerrimis.
856 2143 945 2188 Styli
971 2149 1010 2178 ut
1033 2144 1070 2177 in
1095 2148 1179 2178 sect.
1205 2142 1451 2187 praecedente.
1471 2163 1516 2167 -
1533 2142 1634 2177 Folia
1659 2147 1720 2178 aut
1745 2142 1851 2186 sagit-

360 2191 434 2221 tato
459 2199 488 2221 V.
516 2184 859 2235 hastato-laciniam,
884 2196 946 2225 aut
970 2191 1126 2235 integra,
1154 2188 1292 2234 stipulis
1318 2190 1431 2233 longis
1456 2189 1629 2225 scariosis.

243 2243 340 2276 1116.
366 2245 414 2277 R.
440 2247 678 2281 Acetosella
700 2246 742 2281 L.
770 2247 852 2282 Cod.
872 2249 987 2283 2603!
1022 2249 1191 2282 MEISSN.
1211 2248 1233 2282 l.
1252 2260 1279 2283 c.
1307 2248 1411 2291 Engl.
1436 2248 1507 2282 bot.
1534 2253 1559 2283 t.
1588 2249 1694 2282 1674!
1722 2246 1851 2292 (Lapa-

149 2286 248 2321 tlium
276 2299 418 2339 arvense
451 2291 610 2337 Lm).
641 2293 785 2339 Glaber,
809 2295 1023 2339 plerumque
1048 2294 1271 2340 pluricaulis,
1297 2295 1455 2330 caulibus
1479 2294 1852 2329 adscendenti-erectis

158 2333 330 2385 'fs—172¹
356 2337 377 2370 l.
404 2338 547 2381 striatis,
573 2340 789 2384 simplicibus
814 2354 842 2375 v.
870 2342 1005 2375 inferne
1030 2342 1319 2387 pauci-ramosis,
1344 2342 1445 2386 apice
1462 2342 1710 2380 ramosissimo,
1735 2351 1850 2375 ramu-

150 2382 191 2414 hs
216 2381 453 2435 hisomnibus
488 2384 664 2430 floriferis,
697 2388 888 2430 gracilibus
920 2389 1086 2433 aphyllis,
1106 2388 1632 2433 -patulo-erect.is,·paniculam
1664 2388 1850 2431 oblongam

150 2428 388 2471 thyrsmdeam
430 2430 677 2477 formantibus3
718 2434 813 2469 foliis
852 2435 1010 2469 omnibus
1036 2435 1235 2480 petiolatis,
1278 2436 1494 2478 lanceolatis,
1533 2435 1610 2469 basi
1645 2435 1850 2479 plerumque

152 2475 302 2527 hastatis
325 2487 354 2509 v.
381 2478 573 2523 sagittatis,
606 2481 785 2515 voi-ticinis
810 2480 1013 2525 paucifloris
1039 2482 1233 2526 distinctis,
1267 2493 1425 2517 racemos
1450 2482 1550 2516 laxos
1574 2481 1757 2516 filiformes
1782 2482 1850 2515 for-

149 2522 342 2564 mantibus,
382 2521 527 2559 floribus
568 2527 683 2569 parvis
723 2528 878 2562 breviter
918 2528 1159 2573 pedicellatis‚
1204 2538 1310 2573 saepe
1346 2529 1704 2573 purpurascentibus,
1741 2527 1850 2562 valvis

151 2567 260 2602 ovatis
294 2568 453 2604 ecallosis
485 2571 640 2607 obsolete
673 2575 829 2620 venosis,
870 2575 1001 2620 phyllis
1026 2576 1261 2611 exterioribus
1285 2575 1344 2610 vix
1368 2575 1562 2610 minoribus
1589 2575 1780 2620 adpressis.
1805 2594 1850 2599 —-

148 2614 274 2649 Planta
298 2615 507 2651 variabilis:

296 2673 331 2696 a.
366 2662 561 2705 vulgaris
587 2664 754 2700 MEISSN.
780 2666 802 2700 l.
830 2677 858 2701 c.
883 2667 996 2702 Laete
1020 2666 1154 2703 virens.
1180 2667 1274 2703 foliis
1299 2668 1452 2703 hastatis
1475 2680 1504 2703 v.
1531 2668 1721 2712 sagittatis.

292 2709 330 2749 β.
357 2709 579 2745 australis
606 2711 694 2746 WK.
731 2713 824 2747 ined.
849 2713 1104 2759 Glaucescens,
1146 2714 1240 2749 foliis
1274 2714 1442 2760 hastatis,
1483 2714 1610 2750 infimis
1648 2713 1850 2758 longissime

358 2755 549 2799 petiolatis.
597 2757 725 2792 Planta
749 2760 827 2794 basi
852 2771 961 2805 saepe
987 2760 1247 2797 suffrntescens.

286 2814 311 2847 32
364 2802 454 2837 inte
463 2802 649 2844 grisolia
676 2805 843 2840 WALLR.
868 2806 980 2842 Laete
1005 2807 1139 2853 virens,
1176 2808 1269 2842 foliis
1294 2808 1374 2842 basi
1396 2808 1589 2843 attenuatis
1613 2807 1851 2851 integerrimis

316 2887 320 2890 ⁴
362 2854 424 2883 aut
455 2849 612 2883 auricula
642 2861 710 2884 una
735 2864 763 2886 v.
791 2852 927 2888 duabus
951 2854 1118 2888 obsoletis
1144 2854 1313 2898 praeditis
1340 2855 1394 2899 (R.
1421 2855 1622 2890 Acetosella
1644 2865 1716 2890 var.
1741 2864 1850 2897 angu-

359 2895 493 2929 stifolia
520 2895 606 2929 WK.
633 2896 721 2931 Sert.
747 2910 780 2931 n.
805 2901 885 2943 892,
911 2900 952 2934 R.
981 2900 1193 2945 pyrenaicus
1216 2901 1398 2945 POURR.).

292 2940 322 2974 ὁ.
356 2941 615 2977 multifidus
652 2943 722 2977 DC.
748 2944 802 2979 Fl.
828 2945 869 2980 fr.
896 2946 962 2984 ΙΙΙ,
1000 2947 1261 2991 Lacte-virens,
1298 2947 1389 2982 foliis
1418 2948 1572 2983 hastatis
1606 2958 1634 2981 v.
1661 2945 1850 2989 sagittatis,

355 2988 526 3024 auriculis
551 2989 587 3022 in
612 2989 762 3025 lacinias
788 2998 956 3035 angustas
980 2992 1073 3028 fissis
1101 2993 1155 3037 (R.
1183 2993 1377 3029 multifidus
1401 2993 1469 3039 L.).

244 3032 286 3068 In
314 3035 490 3080 arenosis,
527 3035 712 3083 glareosis,
746 3037 864 3082 cultis,
898 3039 1073 3077 ruderatis
1100 3051 1165 3086 per
1188 3050 1326 3077 omnem
1351 3040 1581 3087 Hispaniam,
1611 3038 1647 3074 in
1670 3037 1859 3083 regionem,
