1960 3237
837 124 930 170 209

128 246 263 282 Colitur
285 247 320 282 in
344 246 469 282 hortis.
520 246 731 292 »Cebolleta,
757 245 938 282 Cebollino
960 245 1107 291 ingles«.

129 293 219 329 Hab.
245 294 281 329 in
304 294 403 330 Asia.

83 379 179 412 Sect.
212 378 245 412 V.
287 378 484 411 Pori-um
509 375 664 410 TOUBN.
690 378 725 409 et
749 373 867 409 KOOH
891 374 912 409 1.
939 385 967 409 c.
993 375 1082 411 830!
1130 373 1355 418 Perigonium
1380 374 1636 420 hexaphyllum
1654 375 1732 411 sub-

241 423 536 468 campanulatum,
561 422 610 467 ph
625 421 693 457 *llis
719 421 950 457 exterioribus
976 421 1154 458 carinatis.
1202 420 1403 458 Filamenta
1418 422 1541 464 libera,
1564 423 1733 458 interiora

244 469 600 553 gffiagtiltzrtffivtiiglcgspi
627 474 706 514 ata,
740 468 844 504 dente
874 467 990 504 medio
1021 469 1274 515 antheriphoro
1298 469 1504 506 lateralibus
1528 469 1733 514 plerumque

651 565 675 628 ἦ·
700 584 865 621 Umbella
887 584 1112 631 capsulifera.

549 675 581 701 a.
621 665 725 701 Folia
748 665 1037 712 semicylindrica‚
1059 665 1233 702 fistulosa.

130 747 210 782 880.
250 748 298 782 A.
332 749 736 790 sphaeroeephalum
767 747 808 782 L.
841 746 924 782 Cod.
955 748 1061 782 2358!
1094 747 1220 782 RCHB.
1246 746 1294 781 Ic.
1319 746 1342 781 l.
1369 757 1397 782 c.
1423 746 1446 782 f.
1474 747 1581 782 10801
1622 745 1736 782 Bulbo

38 793 193 829 bulbillis
223 794 391 839 stipitatis
415 794 647 830 albicantibus
681 795 809 840 cincto,
841 794 942 830 caule
969 796 1070 828 1-—2‘
1094 794 1116 829 l.
1142 793 1350 840 cylindrico,
1384 792 1430 828 ad
1452 793 1603 829 medium
1626 803 1738 838 usque

38 840 171 887 foliato,
196 840 287 877 foliis
313 852 421 887 supra
437 842 678 878 canaliculatis
695 842 868 886 longiore3
894 841 1049 876 umbella
1064 841 1212 885 globosa
1227 840 1443 887 densissima,
1468 842 1598 886 spatha
1613 840 1739 875 bivalvi

39 888 153 933 brevi„
171 886 317 924 floribus
341 889 458 934 parvis
481 890 680 935 purpureis,
705 889 836 935 phyllis
860 889 1196 933 ovato-lanceolatis,
1222 888 1426 924 staminibus
1450 887 1552 932 longe
1577 888 1737 923 exsertis.

39 935 164 971 Variat
187 934 363 971 interdum
395 935 541 972 floribus
565 937 798 972 albicantibus
823 935 880 980 (A.
905 946 1052 971 arvense
1077 935 1208 977 GUSS.>
1232 941 1267 970 et
1291 933 1436 970 fioribus
1461 935 1636 970 umbellae
1660 945 1739 970 cen-

38 983 186 1018 tralibus
211 988 292 1028 post
316 983 479 1019 anthesin
502 983 605 1028 longe
630 982 874 1028 pedunculatis
897 983 954 1023 (A.
981 982 1196 1018 descendens
1222 983 1324 1018 Auct.
1351 982 1432 1026 gall.
1458 993 1527 1017 non
1553 982 1620 1026 L.).

133 1029 175 1064 In
207 1031 376 1076 arenosis,
401 1031 622 1076 rupestribus
647 1030 819 1074 cultisque
842 1039 907 1075 per
932 1040 1069 1066 omnem
1104 1030 1258 1066 fortasse
1304 1028 1520 1075 Hispaniam,
1545 1030 1581 1064 in
1603 1033 1738 1064 austra-

85 1076 173 1111 liore
198 1078 240 1118 jn
272 1078 450 1121 regionem
484 1078 705 1123 subalpinam
728 1087 839 1121 usque
864 1076 1096 1112 adscendens:
1122 1078 1160 1112 in
1184 1076 1316 1112 Gallec.
1342 1080 1384 1118 (c.
1411 1076 1587 1120 Santiago,
1611 1076 1739 1110 Ponte-

85 1123 209 1169 vedra,
244 1123 360 1170 LGE.,
393 1125 654 1170 Sietepuentes,
687 1123 835 1169 Oreuse,
867 1124 1006 1169 PLAN.)
1039 1134 1148 1168 regno
1180 1124 1325 1168 Legion.
1357 1128 1399 1164 (c.
1432 1123 1651 1159 Villafranca
1683 1121 1740 1158 del

84 1170 224 1216 Vierzo,
248 1171 390 1217 LGE.!),
415 1171 509 1207 Cast.
533 1182 622 1207 nova
646 1178 689 1211 (c.
715 1171 748 1206 el
773 1170 947 1216 Escorial,
964 1172 1062 1216 AL.!,
1087 1171 1208 1216 Ribas,
1226 1170 1364 1214 Getafe,
1380 1171 1570 1216 Aranjuez‚
1586 1170 1740 1214 BOUT.!,

86 1217 227 1263 COLM.,
254 1218 383 1263 Trillo,
418 1218 530 1265 ORT.,
564 1219 597 1254 S.
622 1218 734 1252 Pablo
759 1218 801 1253 de
826 1218 879 1253 los
903 1218 1063 1261 Montes,
1100 1218 1288 1261 Pomm),
1323 1218 1479 1262 Aragon.
1505 1219 1554 1258 (in
1578 1217 1685 1252 vineis
1709 1225 1738 1251 e.

13 1296 24 1300 -
86 1264 327 1310 Saragossam,
353 1265 575 1304 Calamocha,
601 1264 645 1300 en'
669 1265 703 1299 el
725 1270 843 1300 monte
869 1264 912 1299 de
937 1264 1106 1308 Herrera,
1131 1265 1167 1300 la
1190 1264 1356 1299 madorra
1381 1264 1423 1299 de
1439 1264 1613 1307 Badenas,
1638 1263 1739 1308 ASS.,

84 1313 146 1347 int.
170 1312 359 1347 Pozondon
383 1317 417 1347 et
442 1312 561 1358 Celda,
587 1312 703 1357 ΨΚ),
729 1312 840 1347 Catal.
859 1311 983 1347 COLM.
1009 1316 1052 1353 (c.
1069 1312 1277 1357 Barcelona,
1293 1312 1458 1356 Terrasa,
1476 1311 1578 1354 Vich,
1596 1311 1739 1355 CSTA.!,

86 1359 299 1405 Castaneza,
325 1359 481 1405 ΖΕΤΤ.),
514 1370 622 1403 regno
648 1359 794 1394 Granat.
820 1360 862 1396 (c.
886 1359 1093 1404 Yunquera,
1129 1359 1311 1399 Granada.
1337 1360 1373 1394 in
1397 1359 1431 1394 S.
1457 1358 1613 1403 Nevada,
1638 1357 1672 1392 S.
1698 1356 1741 1392 de

85 1405 205 1442 Gador
228 1406 273 1441 ad
298 1407 536 1452 GOOO‘usque,
560 1406 763 1452 BSS.,FK.!,
789 1405 989 1452 c.Malaga,
1014 1406 1142 1451 Maria,
1168 1406 1284 1447 WK.).
1301 1426 1346 1431 ——
1367 1415 1403 1446 21.
1428 1405 1522 1450 Jun.,
1547 1405 1741 1450 Jul.(v.v.).

132 1453 223 1535 Hfflb'
243 1464 289 1535 Xil
307 1453 433 1508 Lusit,
472 1453 577 1500 Gall,
617 1453 764 1499 Europa
799 1453 890 1488 med.
916 1454 1025 1500 omni,
1061 1453 1190 1500 Dalm.,
1225 1453 1317 1500 Ital,
1351 1452 1455 1498 sicil„
1490 1453 1606 1497 Ture„
1638 1452 1741 1487 Ross.

86 1511 174 1535 men
201 1529 220 1547 .,
291 1511 398 1545 geria.

133 1559 240 1594 ¹?881.
281 1562 328 1594 A.
364 1562 579 1602 guttatum
611 1559 730 1594 STEV.
768 1570 824 1604 ap.
858 1558 959 1594 DON.
991 1558 1153 1602 Monogr.
1178 1557 1249 1592 All.
1275 1560 1343 1603 23.,
1366 1557 1410 1592 R.
1436 1557 1524 1593 SCH.
1549 1562 1633 1603 syst.
1659 1556 1742 1602 VII,

42 1607 149 1642 1022!
190 1606 318 1642 Differt
341 1617 362 1641 a
385 1606 549 1653 praeced.
574 1607 769 1652 praecipue,
788 1606 961 1652 perigonii
995 1605 1127 1651 phyllis
1164 1605 1254 1641 albis
1278 1605 1418 1641 macula
1442 1605 1591 1641 centrali
1614 1615 1742 1649 magna

39 1664 106 1699 pur
131 1663 219 1689 urea
242 1654 383 1689 notatis.

107 1665 269 1736 pCrescit
293 1712 360 1737 sec.
379 1701 502 1737 COLM.
520 1701 653 1746 Apunt.
670 1711 780 1746 prope
798 1699 962 1735 Toletum
979 1704 1084 1744 atque
1102 1709 1145 1735 en
1161 1698 1195 1735 el
1211 1699 1339 1735 Pardo.
1359 1719 1403 1725 —
1421 1698 1514 1744 Jun.,
1532 1698 1604 1734 Jul.
1622 1701 1669 1740 (n.
1686 1702 1742 1740 v.).

132 1747 224 1784 Hab.
248 1749 284 1784 in
308 1748 411 1785 Ross.
435 1747 569 1794 merid.,
594 1748 710 1793 Turc.,
735 1747 897 1782 Graecia.

733 1841 765 1876 b.
807 1839 911 1875 Folia
934 1839 1052 1885 plana.

133 1911 212 1946 882.
260 1913 308 1946 A.
332 1912 564 1947 rotundum
588 1909 629 1946 L.
657 1910 740 1946 Cod.
774 1912 881 1945 2347!
928 1909 1053 1944 RCHB.
1079 1908 1127 1944 Ic.
1160 1908 1182 1943 l.
1221 1919 1249 1944 c.
1284 1908 1308 1943 f.
1345 1910 1455 1944 10791
1501 1907 1615 1944 Bulbo
1640 1913 1744 1944 ovato

45 1958 200 1994 bulbillis
230 1960 394 2004 stipitatis
426 1959 533 1994 fuscis
567 1959 698 2003 cincto,
734 1958 834 1993 caule
869 1958 1033 2002 1—-1¹s2,‘
1058 1957 1079 1990 l.
1109 1954 1304 2001 cylindrico
1329 1962 1426 1990 recto
1451 1955 1586 1991 inferne
1610 1955 1742 1997 foliato,

47 2005 136 2041 foliis
168 2006 358 2041 linearibus
395 2007 561 2041 carinatis
592 2006 704 2040 acutis
736 2005 912 2049 longiore3
951 2003 1106 2038 umbella
1135 2001 1327 2037 multiflora
1351 2003 1508 2049 globosa,
1538 2001 1743 2049 pedunculis

48 2053 279 2089 exterioribus
303 2054 466 2088 brevibus
492 2051 645 2097 reflexis,
669 2051 814 2087 floribus
838 2052 1036 2096 purpureis,
1063 2050 1274 2094 genitalibus
1298 2050 1452 2085 inclusis.

140 2099 181 2134 In
205 2100 319 2145 cultis,
342 2101 451 2135 vineis
476 2100 715 2145 Catalauniae,
743 2098 866 2133 COLM.
892 2118 937 2123 ——-
964 2106 998 2137 21.
1023 2097 1106 2132 Jun.
1131 2100 1177 2137 (n.
1203 2101 1258 2137 v.).

139 2146 230 2182 Hab.
254 2148 290 2182 in
315 2146 419 2187 Gall„
443 2146 590 2191 Europa
614 2146 715 2191 med,
739 2145 867 2191 Dalm,
893 2145 1010 2186 Turc.,
1036 2144 1140 2190 Sicil.,
1164 2143 1268 2180 Ross.
1293 2142 1521 2177 meridionali.

138 2206 217 2239 883.
256 2207 305 2240 A.
331 2207 614 2247 polyanthum
638 2204 679 2238 R.
707 2204 795 2238 SCH.
828 2203 850 2238 l.
889 2214 918 2238 c.
947 2204 1054 2238 1016!
1098 2202 1154 2247 (A.
1188 2200 1416 2237 multiflorum
1440 2200 1512 2234 DC.
1537 2205 1573 2234 et
1597 2199 1744 2234 DESF.?

48 2251 91 2286 A.
115 2251 411 2297 Ampeloprasum
426 2252 512 2286 BSS.
537 2251 626 2295 Voy.
661 2261 714 2285 ex.
752 2251 812 2296 p?
842 2255 877 2285 et
909 2249 1030 2284 COLM.
1064 2248 1176 2284 Catal.
1202 2260 1271 2283 non
1296 2248 1361 2289 L.).
1398 2247 1604 2291 Robustum,
1635 2247 1742 2281 bulbo

48 2298 170 2342 grandi
186 2299 332 2343 globoso
350 2298 477 2343 albido,
502 2297 658 2333 bulbillis
675 2297 859 2341 permultis
876 2297 968 2331 inter
984 2297 1119 2332 tunicas
1137 2295 1384 2334 nidulantibus,
1401 2295 1501 2329 caule
1521 2297 1557 2328 1¹
1584 2295 1743 2337 „—3‘,1'2‘

47 2346 69 2380 l.
104 2345 262 2381 flexuoso
295 2347 400 2381 tereti
433 2346 510 2380 basi
542 2345 677 2381 foliato,
714 2344 806 2379 foliis
841 2345 968 2378 3-—5“¹
998 2345 1080 2379 latis
1103 2344 1215 2378 acutis
1241 2343 1421 2385 carinatis3
1447 2341 1603 2375 umbella
1626 2340 1744 2385 ampla

49 2393 193 2436 globosa
222 2393 346 2439 densa,
379 2392 510 2437 spatha
540 2392 637 2426 brevi
667 2390 800 2426 caduca
823 2391 997 2435 scariosa,
1027 2389 1172 2425 floribus
1198 2390 1300 2431 longe
1324 2388 1568 2434 peduneulatis
1593 2398 1637 2422 ex
1661 2388 1741 2422 albo

48 2441 174 2476 roseis.
200 2440 331 2485 phyllis
356 2440 401 2475 ad
425 2440 581 2474 carinam
606 2439 758 2483 asperis:
785 2438 991 2473 staminibus
1014 2438 1194 2482 paululum
1219 2437 1378 2479 exsertis,
1410 2435 1669 2470 filamentorum
1693 2435 1743 2468 in-

48 2487 215 2521 teriorum
238 2487 390 2522 lacinula
413 2486 670 2530 antheriphora
693 2485 843 2520 mediam
867 2485 921 2519 vel
945 2485 1087 2520 tertiam
1112 2483 1277 2518 filamenti
1301 2489 1439 2528 partem
1453 2489 1637 2526 aequante,
1662 2482 1743 2516 laci-

50 2534 113 2568 niis
138 2534 343 2569 lateralibus
368 2534 480 2576 longis
507 2533 678 2568 subulatis
703 2532 889 2575 tortilibus,
914 2532 1073 2567 antheris
1098 2530 1209 2574 flavis,
1235 2530 1325 2574 stylo
1351 2530 1452 2573 longe
1477 2535 1627 2564 exserto.

142 2579 182 2614 In
207 2581 324 2625 cultis,
356 2581 481 2623 vineis,
516 2581 672 2615 arenosis
705 2586 740 2614 ct
776 2579 996 2623 rupestribus
1020 2577 1206 2623 pinguibus
1231 2577 1382 2620 regionis
1405 2576 1504 2611 infer.
1531 2582 1565 2612 et
1588 2579 1742 2610 montan.

97 2625 288 2671 Hispaniae
319 2627 441 2661 orient.
475 2632 509 2661 et
545 2626 711 2662 australis
742 2627 890 2670 passim:
924 2626 959 2660 in
985 2625 1094 2660 Catal.
1127 2624 1168 2667 (c.
1194 2624 1398 2667 Barcinon.,
1429 2623 1598 2667 CSTA.!)‚
1632 2631 1740 2663 regno

97 2673 242 2709 Granat.
275 2675 322 2717 (in
346 2674 379 2707 S.
405 2672 551 2708 Ner-ada
583 2673 627 2708 ad
653 2674 754 2707 1000‘
780 2683 904 2717 usque,
936 2673 1034 2717 Bss„
1064 2683 1115 2716 pr.
1150 2670 1259 2705 Velez
1283 2670 1325 2705 de
1358 2669 1592 2715 Benaudalla,
1628 2668 1742 2712 ΨΚ),

95 2720 129 2756 S.
155 2720 303 2755 Morena
329 2720 456 2765 (WK.).
480 2740 525 2744 —
554 2727 588 2760 21.
613 2720 724 2765 Majo,
748 2719 829 2754 Jun.
878 2720 1033 2755 »Puerro
1058 2723 1208 2762 agreste,
1232 2717 1302 2762 Ajo
1327 2727 1468 2762 porro«.

141 2767 232 2803 Hab.
257 2769 361 2803 etiam
384 2768 420 2802 in
445 2766 536 2801 Gall.
563 2773 671 2802 austr.
696 2774 731 2802 et
755 2767 878 2802 Africa
900 2766 1045 2801 boreali.

141 2827 221 2861 884.
261 2829 310 2862 A.
336 2827 685 2867 Ampeloprasum
709 2824 749 2859 L.
775 2824 858 2860 Cod.
893 2826 1004 2859 2344!
1031 2822 1156 2857 RCHB.
1182 2821 1230 2857 Ic.
1259 2821 1281 2856 l.
1315 2832 1342 2857 c.
1367 2820 1390 2855 f.
1418 2822 1527 2855 1072!
1570 2819 1695 2854 Differt
1718 2829 1739 2853 a

50 2873 224 2920 praeced,
257 2875 310 2909 cui
335 2872 533 2918 persimilis,
565 2873 753 2917 praecipue
784 2872 1043 2906 filamentorum
1073 2869 1278 2905 interiorum
1307 2868 1459 2903 lacinula
1488 2866 1742 2912 antheriphora

50 2920 267 2957 filamentum
293 2921 544 2964 subaequante,
569 2919 660 2964 stylo
686 2919 833 2954 stamina
858 2924 1041 2962 aequante.

142 2968 185 3003 In
209 2966 311 3004 cultis
343 2974 378 3003 et
412 2967 568 3002 arenosis
604 2965 680 3009 agri
703 2965 848 3002 Madrit.
874 2976 941 3000 sec.
968 2964 1091 2999 COLM.
1123 2966 1184 3002 (an
1212 2962 1328 3008 potius
1351 2971 1445 3008 spec.
1470 2957 1740 3005 praecedens?);

98 3035 142 3041 -—
167 3015 294 3050 colitur
318 3016 424 3051 etiam
447 3014 481 3049 in
505 3013 627 3048 hortis.
652 3031 697 3037 —
723 3020 760 3054 21.
785 3012 896 3056 Majo,
921 3011 1001 3045 Jun.
1028 3015 1075 3051 (n.
1100 3009 1157 3055 v.).

143 3061 233 3097 Hab.
253 3067 377 3107 sponte
401 3062 436 3096 in
461 3060 614 3105 Oriente,
639 3059 832 3105 Archipel.,
857 3058 983 3094 Sicilia.

121 3126 208 3152 Flora
226 3127 386 3158 hispanica.
419 3126 444 3150 1.

1424 3101 1466 3134 14
