1960 3237
684 593 1115 679 Indicatic

124 727 514 774 collectionum
547 729 867 782 plantarum
895 727 1305 773 exsiccatarum
1335 726 1394 770 in
1412 724 1681 779 Hispania

53 835 169 878 terris
205 833 383 877 finitimis
421 838 461 878 et
498 845 607 878 zona
644 835 946 879 mediterranea
970 834 1167 878 lectarum
1201 833 1569 888 herbariorumque
1589 831 1749 887 princi-

53 915 232 974 palium,
283 915 434 972 quibus
470 920 666 960 auctores
700 915 914 960 Prodromi
949 916 1015 969 usi
1050 919 1166 973 sunt,
1214 917 1342 970 atque
1377 911 1504 956 index
1538 912 1750 955 nominum

54 996 254 1055 virorum,
283 992 285 994 ’
310 997 380 1052 qui
430 999 501 1039 aut.
550 996 716 1053 plantas
759 998 801 1040 in
837 995 1039 1053 Hispania
1075 995 1270 1051 legerunt
1305 998 1376 1038 aut
1411 996 1607 1037 auctores
1642 992 1751 1036 Pro—

55 1075 186 1121 dromi
220 1076 272 1120 de
308 1076 538 1134 plantarum
566 1076 828 1133 quorundam
856 1088 931 1133 per
960 1075 1206 1134 Hispaniam
1232 1074 1520 1119 distributione
1553 1074 1752 1118 certiores

460 1155 670 1215 fecerunt,
708 1158 748 1200 in
783 1157 866 1201 hoc
904 1167 1032 1214 opere
1068 1158 1287 1201 citatorum
1313 1149 1351 1199 ᾖ.

54 1337 121 1370 AL.
163 1349 200 1364 ’ψη
230 1336 362 1373 ALEA,
388 1334 615 1376 Franciscus,
642 1334 818 1370 Collector
842 1334 1014 1370 seminum
1039 1334 1134 1368 horti
1159 1334 1248 1377 regii
1272 1333 1496 1369 Madritensi.

56 1394 181 1428 Allrlr.
210 1407 251 1423 t:
277 1394 456 1435 ALIOTH,
483 1393 515 1427 S.
542 1393 666 1428 medic.
693 1393 782 1428 doct..
809 1392 1044 1437 Basileensis,
1070 1392 1130 1437 qui
1155 1393 1255 1428 annis
1283 1393 1372 1427 1853
1397 1397 1432 1427 et
1459 1393 1559 1427 1854.
1603 1392 1754 1426 Sierram

194 1440 376 1475 Nevadam
402 1446 437 1475 et
462 1440 663 1485 Pyrenaeos
689 1441 896 1485 exploravit.
1170 1454 1184 1473 ο

55 1499 130 1533 AM.
163 1512 207 1528 t
239 1505 321 1533 DEL
345 1498 457 1543 AMO,
483 1498 664 1542 Mariano.
690 1498 839 1533 Plantae
864 1497 1105 1533 Granatenses
1130 1497 1341 1533 exsiccatae.

55 1591 150 1625 BAL.
178 1605 220 1621 :t
247 1591 460 1631 BALANSA,
486 1591 539 1634 B„
564 1590 710 1626 Plantes
736 1590 914 1635 d'Algerie
942 1591 1183 1625 1852—1853.

56 1649 120 1683 BL.
138 1661 168 1683 v.
185 1648 353 1684 BLANCO
381 1663 421 1679 ³-
448 1649 626 1689 BLANCQ
652 1650 817 1694 Antonii,
842 1649 990 1683 Plantae
1008 1649 1205 1684 exsiccatae
1219 1648 1367 1694 Hispan.
1385 1648 1612 1681 1849-1851
1634 1647 1755 1681 lectae.

56 1707 174 1741 BLLE.
201 1721 242 1736 z
270 1707 425 1751 BOLLE‚
452 1707 587 1751 Caroli,
613 1707 872 1753 Berolinensis⁷
897 1706 1047 1741 Plantae
1074 1707 1304 1742 Canarienses
1329 1706 1539 1741 exsiccatae.

56 1765 172 1800 BORY
196 1779 240 1795 =
265 1765 382 1800 BORY
412 1773 467 1800 DE
504 1765 564 1800 ST.
591 1766 795 1811 VmanT,
832 1765 865 1800 J.
891 1765 945 1810 B.‚
979 1765 1171 1799 Botanicus
1202 1764 1460 1807 francogallus,
1502 1763 1560 1808 qui
1595 1762 1756 1797 florulam

193 1811 391 1865 plantarum
427 1813 563 1847 Sierrae
594 1812 760 1847 Nevadae
796 1811 1012 1858 composuit,
1051 1822 1141 1856 quae
1166 1811 1202 1846 in
1226 1811 1396 1847 Boissieri
1431 1810 1519 1846 flora
1544 1809 1756 1845 Granatensi

194 1865 333 1894 eitatur.

56 1916 141 1951 BSS.
167 1931 211 1945 =
238 1917 445 1963 BOISSOER,
488 1917 684 1959 Edmundi,
711 1917 859 1952 Plantae
883 1917 919 1952 in
943 1916 1070 1951 itinere
1096 1916 1290 1962 Hispanico
1310 1917 1400 1951 1837
1425 1915 1519 1951 facto
1545 1915 1755 1951 exsiccatae.

403 1977 617 2042 NBOISSOER
641 1981 677 2011 et
700 1975 891 2019 REUTER,
930 1975 1079 2010 Plantae
1117 1975 1153 2009 in
1189 1974 1317 2010 itinere
1340 1973 1624 2019 Algeriensi-His
1650 1985 1745 2019 paco

404 2052 410 2065 ,
960 2023 1049 2056 1849
1077 2022 1200 2057 lectae.

58 2055 141 2091 BSS'
170 2056 292 2092 REUT.
322 2072 363 2085 Σ
403 2100 412 2155 (
520 2101 561 2106 -—
775 2100 819 2106 —-
913 2079 1063 2134 Plantae
1100 2080 1318 2125 Pyrenaicae
1355 2084 1391 2114 et
1426 2078 1640 2125 Hispanicae
1668 2080 1757 2113 1858

959 2132 1169 2163 exslccatae.

335 2185 575 2229 BOURGEAU‚
600 2185 800 2231 Edmundi,
835 2185 982 2221 Plantes
1009 2186 1070 2221 des
1095 2185 1273 2231 Pyrenees
1299 2184 1341 2219 de
1369 2184 1468 2217 1847.

307 2194 322 2364 s
520 2264 565 2269 —
750 2243 895 2279 Plantes
921 2243 1125 2289 d'Espagne
1149 2243 1244 2279 etde
1260 2241 1430 2286 Portugal
1454 2240 1497 2276 de
1515 2242 1756 2278 1849-1854.

520 2322 565 2328 ——
750 2302 896 2338 Plantes
922 2302 964 2337 de
988 2301 1160 2347 l’Algerie
1186 2301 1228 2336 de
1255 2302 1355 2335 1855.

60 2361 212 2397 BOURG.
240 2368 313 2392 =1
519 2381 561 2385 —
749 2360 897 2396 Plantae
923 2360 1147 2396 Canariensis
1183 2357 1318 2393 itineris
1356 2357 1498 2394 secundi
1539 2369 1629 2394 anno
1668 2359 1758 2392 1856

820 2408 985 2453 suscepti.

306 2390 321 2560 ρ
521 2485 562 2488 ---
751 2466 901 2501 Plantae
926 2466 1057 2511 Lyciae
1082 2475 1172 2499 anno
1200 2465 1289 2498 1860
1305 2464 1428 2499 lectae.

520 2515 560 2548 ἕ-
751 2523 904 2559 Plantae
923 2523 1139 2559 Nicaeenses
1165 2527 1199 2556 et
1217 2521 1401 2557 Sabaudae
1419 2532 1508 2556 anno
1527 2522 1613 2555 1861
1634 2520 1756 2555 lectae.

61 2581 184 2617 BOUT.
210 2593 239 2614 V.
266 2581 387 2616 BOUT.
413 2581 472 2615 hb.
499 2594 552 2611 Ξ
579 2582 823 2626 BOUTELOU,
855 2581 1010 2625 Claudii,
1049 2580 1218 2625 defuncti,
1256 2580 1457 2614 herbarium
1483 2579 1614 2624 plantis
1639 2579 1756 2623 hispa-

201 2627 291 2662 nicis
326 2626 533 2661 ditiosimwm
566 2628 601 2663 h.
627 2634 652 2665 t.
678 2628 714 2663 in
751 2629 871 2664 schola
897 2629 993 2672 regia
1019 2627 1187 2662 salmaria
1210 2627 1363 2662 ‹escuela
1389 2626 1542 2671 especial
1590 2625 1631 2659 de
1657 2625 1757 2660 selvi-

203 2674 352 2717 cnltnra)
379 2673 624 2710 Villaviciosae
660 2687 770 2721 prope
795 2675 990 2710 Madritum
1017 2679 1249 2716 asservatum,
1286 2673 1376 2717 qnod
1401 2673 1596 2718 permultas
1619 2673 1758 2717 plantas

206 2727 276 2756 tani
304 2721 347 2754 ab
378 2720 454 2764 ipso
489 2721 711 2758 BOCTELOU
748 2721 975 2767 ejusdemque
999 2721 1081 2754 filiis
1106 2721 1377 2765 nepotibusque,
1414 2730 1517 2764 quam
1544 2731 1565 2753 a
1587 2718 1759 2753 botanicis

206 2767 444 2802 celeberrimis
470 2768 711 2805 BARNADES.
739 2769 950 2804 CABRERA.
980 2768 1259 2810 CAVANILLES,
1285 2767 1526 2806 CLmOEN'rE,
1552 2765 1758 2801 LAGAscA.

198 2812 304 2849 Nm.
329 2813 521 2856 ORTEGA,
548 2816 756 2861 Poenam,
782 2816 1027 2852 Romueussz
1052 2814 1202 2858 aliisque
1228 2815 1395 2850 collectas
1420 2813 1585 2849 continet.

61 2871 159 2906 BUB.
190 2886 228 2902 -ε
269 2872 426 2906 ΒΙΙΒΛΝ.
451 2872 636 2908 botanicns
663 2874 821 2919 italicus,
847 2878 1088 2919 perscrutator
1112 2871 1220 2906 florae
1245 2871 1517 2917 pyrenaeorum.

132 2975 146 2992 ⁸
180 2977 297 3002 auctore
318 2977 508 3002 &vlunt-3132.
