1960 3237
942 72 1032 116 136

246 200 285 232 In
322 196 509 242 paludibus
534 201 569 230 et
592 195 692 239 aquis
718 193 959 238 stagnantibus
984 190 1165 226 Catalaun.
1191 190 1341 235 (COLM.)
1366 195 1402 225 et
1423 190 1522 235 regni
1547 190 1687 226 Valent.
1714 191 1837 236 (WBB.

194 246 237 280 ad
263 246 327 279 lac.
352 242 542 286 Albufera⁷
567 241 747 285 POURR.).
772 261 816 266 —
842 248 877 279 21.
903 238 987 283 Ju1.‚
1010 238 1101 282 Aug.
1128 238 1172 282 (n.
1198 238 1253 282 v.).

238 292 328 326 Hab.
345 291 381 326 in
396 290 497 331 Brit..
522 289 622 334 Dan,
640 288 770 333 Gothl.,
795 286 940 330 Europa
955 284 1057 330 med,
1081 284 1174 330 Ital„
1198 283 1327 329 Dalm,
1351 282 1487 330 Graec,
1514 283 1656 325 Tauria,
1681 284 1838 328 Algeria.

240 351 318 384 609.
346 351 403 384 01.
429 351 671 391 giganteum
705 345 792 379 WK.
827 343 916 378 ined.
944 343 1067 388 (Scirp.
1093 343 1216 378 Martii
1246 342 1356 386 DUF.,
1395 341 1544 386 Isolepis
1578 342 1701 378 Martii
1736 342 1778 378 R.
1804 343 1837 377 S.

148 403 232 444 syst.
258 397 306 442 II,
332 398 398 430 117
408 396 439 438 ἰ).
488 393 619 429 Culmis
643 394 769 426 S—-IO‘
794 390 815 425 l.
842 395 943 424 acute
967 389 1166 434 triquetris,
1192 389 1342 434 foliosis,
1367 388 1460 423 foliis
1486 389 1667 425 latissimis
1692 389 1764 434 (fol.
1788 389 1839 425 in·

147 444 237 480 fimis
273 444 336 479 sub
372 442 544 477 infloresc.
583 440 660 475 sitis
697 439 823 472 4—6¹¹‘
860 437 935 481 lat.)
971 437 1180 481 linearibus,
1215 436 1349 481 planis,
1386 435 1464 470 basi
1499 436 1839 472 canaliculato-com-

147 491 291 538 pressis,
316 490 472 533 margine
497 488 666 530 dorsoque
685 483 1069 528 denticulato-scabris3
1095 483 1241 528 spiculis
1259 485 1315 516 1⁰¹
1332 482 1354 517 1.
1372 483 1494 527 ovatis,
1518 485 1611 518 4-8
1628 484 1664 519 in
1681 484 1839 529 cymulas

147 537 401 585 pedunculatas
438 535 601 570 axillares
636 531 837 577 paniculam
870 541 976 575 saepe
1007 530 1217 575 tripedalem
1253 530 1413 565 foliosam
1443 529 1633 566 formantes
1666 531 1841 574 congestis

148 585 277 628 badiis,
303 583 428 628 glumis
453 582 562 616 ovatis
587 578 837 621 obtusissimis,
864 578 1017 621 stigmat.
1042 579 1075 622 2,
1103 577 1188 612 setis
1210 577 1407 622 hypogynis
1429 576 1544 612 nullis.

242 631 299 666 Ad
333 630 506 672 margines
541 627 712 661 fossarum
743 637 796 670 pr.
823 624 1044 669 Tarragona,
1082 623 1192 669 DUF.,
1228 624 1264 659 in
1287 624 1367 659 lacu
1391 624 1563 660 Albufera
1585 624 1760 659 valentino
1787 624 1841 670 (22),

198 678 344 714 RossM.
370 696 413 701 -
469 704 475 709 .
516 685 547 708 n.
572 685 624 708 v..

243 725 299 760 Ob
310 735 413 760 serv.
439 673 841 755 ²C÷l.(ROSsMAESSI⁴1⁴]R
873 728 910 753 se
942 717 1100 762 plantam
1135 717 1260 752 habitu
1284 716 1440 752 Luzulae
1466 717 1615 752 similem
1641 718 1839 761 giganteam

199 773 234 806 in
269 771 356 817 ipsis
393 768 493 813 aquis
528 767 625 802 lacus
662 765 836 801 Albufera
876 764 1094 800 abimdanter
1135 769 1348 799 crescentem
1388 764 1516 800 vidisse
1555 765 1642 800 mihi
1679 764 1842 810 narravit,

197 829 299 864 quam
324 817 366 853 ob
389 826 462 851 rem
486 815 578 849 hanc
602 813 759 859 plantam
784 812 829 847 ad
854 811 904 847 Cl.
930 812 1131 855 giganteum
1154 811 1331 856 pertinere
1356 812 1523 856 suspicor.

746 906 915 947 Species
939 905 1242 945 inquirendae:

155 1006 356 1048 scirpus
381 1003 612 1046 parvulus
646 998 689 1034 R.
716 998 748 1033 S.
791 998 882 1043 Syst.
909 998 936 1043 Ι,
975 999 1058 1033 124!
1099 998 1223 1033 RCHB.
1250 997 1297 1033 Ic.
1324 998 1346 1032 1.
1373 1009 1402 1033 c.
1426 997 1449 1032 f.
1477 999 1560 1033 706!
1603 997 1847 1042 (Limnochloa

357 1046 504 1092 parvula
528 1046 668 1091 RCHB.)
687 1066 730 1070 —-
748 1045 876 1081 abund.
901 1045 938 1080 in
962 1045 1054 1080 Gall.
1080 1044 1188 1080 occid.
1215 1045 1259 1080 ad
1283 1045 1465 1091 Bayonam
1489 1055 1617 1090 usque3
1643 1045 1718 1081 sine
1743 1045 1846 1080 (lubio

355 1095 391 1129 in
415 1094 614 1129 Cantabria.

154 1145 351 1189 Scirpus
393 1143 628 1186 triqueter
668 1139 709 1174 L.
749 1139 830 1174 Cod.
869 1140 955 1174 419!
999 1139 1065 1183 (Sc.
1103 1138 1253 1174 litoralis
1292 1139 1440 1174 SOHRD.
1489 1139 1613 1174 RCHB.
1637 1139 1686 1175 Ic.
1711 1140 1732 1174 f.
1760 1141 1847 1175 7251

358 1187 569 1231 Heleogiton
598 1187 689 1222 litor.
721 1186 860 1231 RCHB.)
885 1206 929 1211 ——
954 1186 990 1220 in
1022 1186 1212 1231 paludibus
1245 1186 1358 1221 mai-it.
1391 1186 1529 1221 Galliae
1566 1186 1848 1223 mediterraneae

359 1240 394 1270 et
417 1234 640 1279 Lusitaniae:
668 1234 742 1269 sine
767 1233 873 1268 dubio
896 1234 933 1267 in
959 1233 1083 1277 Catal.,
1108 1244 1215 1277 regno
1238 1233 1379 1268 Valent.
1404 1239 1439 1268 et
1464 1233 1617 1268 Baetica.

156 1285 351 1327 scirpus
377 1283 569 1316 Duvaliz·
593 1281 718 1315 HPPE.
743 1280 781 1314 in
804 1281 945 1315 STURM
968 1280 1023 1315 Fl.
1050 1291 1156 1323 germ.
1183 1281 1267 1315 fasc.
1287 1282 1341 1314 36.
1368 1279 1495 1315 GREN.
1514 1280 1643 1315 Gomt.
1677 1280 1699 1315 l.
1717 1292 1746 1316 c.
1762 1283 1847 1316 373!

358 1328 482 1362 RCHB.
508 1328 554 1363 Ic.
580 1327 602 1362 f.
629 1330 712 1363 724!
747 1327 798 1372 (S.
825 1328 1003 1362 carinatus
1029 1327 1107 1372 SM.,
1133 1326 1345 1371 Heleogiton
1369 1328 1545 1371 trigonum
1568 1327 1720 1372 RCHB.),
1745 1349 1787 1352 —-
1815 1328 1850 1362 in

359 1375 448 1410 Gall.
474 1374 818 1410 austro-occidentali
841 1375 990 1420 passim3
1025 1374 1175 1419 fortasse
1201 1375 1308 1409 etiam
1331 1375 1368 1408 in
1391 1374 1493 1420 Hisp.
1518 1374 1848 1410 boreali-orientali.

157 1424 357 1466 scirpus
382 1424 691 1456 Mic-helianus
715 1422 756 1456 L.
782 1421 864 1456 Cod.
888 1423 975 1456 434!
1001 1421 1125 1456 RCHB.
1152 1422 1199 1457 Ic.
1224 1422 1247 1456 f.
1265 1423 1332 1456 729
1351 1426 1386 1456 et
1403 1423 1485 1457 730!
1514 1422 1675 1467 (Isolepis
1705 1421 1849 1457 Michel.

360 1468 401 1503 R.
428 1469 460 1503 S.
509 1468 746 1514 Fimbristylis
783 1469 927 1503 Michel.
964 1468 1114 1514 RCHB.),
1140 1489 1183 1493 -—
1211 1469 1246 1502 in
1278 1468 1368 1503 Gall.
1403 1468 1518 1503 adhuc
1555 1469 1850 1505 austro-occiden-

328 1518 334 1525 '
358 1515 421 1551 tali
445 1521 480 1550 et
504 1516 706 1561 Lusitania3
731 1516 965 1560 probabiliter
988 1515 1025 1550 in
1048 1516 1152 1560 Hisp.
1178 1516 1312 1550 boreali
1339 1522 1374 1550 et
1397 1515 1571 1551 orientali.

159 1567 358 1600 Fuirena
383 1565 630 1606 pubescens
663 1563 763 1597 KTH.
812 1562 938 1597 Enum.
963 1561 1019 1607 II,
1054 1564 1138 1598 182!
1174 1563 1297 1607 (Scirp.
1328 1563 1524 1608 pubescens
1547 1562 1665 1605 LAM.‚
1700 1562 1848 1608 Isolepis

359 1610 499 1655 pubesc.
525 1610 567 1644 R.
593 1610 638 1656 S.,
675 1610 789 1645 Carex
812 1611 894 1655 pub.
920 1610 1048 1654 Pom.)
1073 1630 1119 1634 —
1144 1610 1180 1643 in
1206 1610 1314 1654 Cors.,
1352 1610 1504 1654 Balear.,
1541 1609 1688 1653 Algeria
1724 1616 1760 1647 et
1791 1609 1852 1645 Al·

360 1657 509 1701 garbiis3
537 1657 612 1692 sine
637 1656 742 1692 dubio
766 1657 803 1691 in
827 1657 983 1692 Baetica.

158 1707 510 1750 Rhynchospora
534 1707 667 1748 fusca
699 1704 741 1739 R.
767 1704 801 1739 S.
827 1710 911 1749 syst.
937 1703 992 1749 II,
1018 1704 1079 1738 88!
1117 1703 1241 1738 RCHB.
1267 1703 1315 1738 Ic.
1340 1702 1363 1738 f.
1391 1704 1476 1738 677!
1514 1703 1706 1748 (Schoenus
1731 1704 1851 1739 fuscus

358 1750 412 1792 L„
437 1751 583 1786 Schoen.
608 1751 706 1787 rufus
731 1751 867 1797 HUDS.,
900 1750 1046 1786 Schoen.
1080 1756 1239 1786 setaceus
1265 1750 1448 1794 THUILL.)
1477 1770 1513 1774 —
1545 1750 1672 1786 abund.
1698 1751 1735 1785 in
1759 1750 1851 1786 Gall.

361 1797 468 1833 occid.
502 1798 662 1843 ericetis,
694 1799 801 1834 etiam
825 1799 861 1832 in
892 1798 1084 1843 Pyrenaeis
1109 1797 1340 1842 centralibus3
1377 1797 1611 1843 probabiliter
1635 1798 1671 1834 in
1695 1798 1853 1843 Cantab.‚

362 1844 532 1888 Navarra,
556 1845 746 1888 Aragonia.

525 1990 632 2035 Trib.
668 1990 733 2035 111.
804 1991 835 2035 C
849 2004 877 2049 y
889 2004 916 2049 p
931 2003 953 2035 e
964 2004 982 2035 r
994 2003 1017 2035 e
1031 2004 1056 2035 a
1069 2003 1092 2035 e
1130 1991 1270 2036 KOCH.
1306 2001 1386 2046 Syn.
1405 2002 1490 2037 848!

162 2124 198 2164 d·
274 2065 411 2106 Flores
442 2067 776 2121 hermaphroditi,
808 2068 848 2108 in
882 2067 1055 2120 spinulas
1085 2067 1230 2120 glumis
1254 2067 1421 2108 distiohe
1445 2067 1662 2108 imbricatis
1686 2067 1855 2107 munitas

189 2124 358 2177 ispositi.

278 2217 404 2257 CLIX.
468 2218 729 2259 SCHOENUS
760 2218 804 2258 L.
837 2230 929 2273 gen.
960 2218 1010 2271 pl.
1065 2218 1248 2271 Spiculae
1279 2218 1519 2271 paucissorae
1551 2218 1591 2257 in
1624 2217 1856 2258 fasciculum

164 2275 315 2315 ovalem
347 2282 591 2329 compactum
624 2282 857 2331 congestae.
919 2276 1083 2317 Glumae
1115 2277 1156 2316 in
1188 2277 1330 2330 quovis
1363 2277 1488 2316 latere
1512 2274 1639 2327 5-6‚
1673 2276 1856 2329 superio-

163 2344 230 2372 res
272 2336 405 2386 [saepe
438 2335 563 2375 solum
597 2339 766 2383 summa)
805 2334 986 2386 fertiles,
1034 2339 1197 2375 ceterae
1230 2335 1403 2376 steriles.
1466 2336 1584 2375 Setae
1616 2334 1855 2388 hypogynae

169 2390 288 2431 1—5.
351 2392 539 2445 Stigmata
572 2391 595 2433 3
619 2394 893 2447 pubescentia.
954 2392 1256 2433 Inflorescentia
1290 2393 1463 2433 bracteis
1497 2392 1520 2432 2
1553 2392 1813 2432 involucrata.

259 2459 335 2492 610.
364 2461 454 2494 Seh.
478 2463 690 2503 nigricans
714 2461 755 2496 L.
782 2461 864 2496 Cod.
891 2462 976 2496 362!
1003 2460 1127 2495 RCHB.
1153 2461 1200 2496 Ic.
1227 2460 1328 2503 VIII,
1360 2460 1382 2494 f.
1410 2461 1496 2494 679!
1523 2460 1786 2504 (Chaetophora
1809 2460 1859 2494 ni-

166 2505 248 2549 gric.
274 2504 399 2549 KTH.).
447 2507 561 2542 Dense
595 2509 829 2553 caespitosus,
869 2508 992 2543 culmis
1019 2510 1121 2542 1—2'
1146 2508 1168 2542 l.
1201 2507 1353 2553 aphyllis
1384 2507 1558 2542 teretibus
1588 2506 1730 2551 rigidis,
1766 2506 1858 2542 foliis

167 2551 326 2587 omnibus
349 2553 560 2589 radicalibus
586 2556 756 2591 subulatis
780 2554 1065 2601 plano-convexis
1088 2555 1216 2598 vagina
1239 2555 1312 2589 lata
1336 2553 1532 2597 nigricante
1557 2554 1719 2599 munitis,
1746 2553 1859 2598 spicu-

167 2599 211 2634 lis
238 2598 412 2643 spadiceis
436 2600 565 2635 nitidis.

260 2645 301 2678 In
337 2647 509 2681 sabulosis
535 2647 684 2684 humidis
709 2648 898 2694 praecipue
923 2647 1109 2682 maritimis
1144 2658 1225 2683 orae
1250 2647 1440 2683 atlanticae
1465 2653 1501 2683 et
1524 2647 1748 2683 mediterran.
1774 2647 1860 2682 satis

174 2737 177 2743 ,
213 2693 391 2735 frequens.
424 2693 461 2727 in
483 2695 657 2737 regionem
681 2701 883 2731 montanam
908 2694 1135 2730 adscendens.
1159 2715 1203 2720 —-
1230 2702 1266 2736 21.
1292 2694 1530 2739 Majo—Aug.
1556 2695 1598 2739 (v.
1623 2695 1679 2739 v.).

259 2738 349 2772 Hab.
375 2740 410 2774 in
434 2739 557 2785 Lusit,
580 2741 679 2782 Brit..v
702 2742 832 2787 Gothl„
858 2742 961 2786 Dan,
987 2741 1134 2786 Europa
1157 2741 1246 2776 med.
1272 2748 1307 2777 et
1330 2742 1495 2785 australi,
1521 2741 1644 2776 Africa
1667 2739 1812 2776 boreali.

285 2810 395 2852 CLX.
457 2811 674 2853 CYPERUS
717 2815 759 2855 L.
791 2826 886 2868 gen.
916 2813 967 2866 pl.
1045 2813 1228 2865 Spiculae
1276 2814 1511 2854 multiflorae
1557 2815 1597 2853 in
1644 2811 1857 2853 fasciculos

174 2869 358 2909 sessiles.
379 2869 580 2910 solitarios
611 2885 645 2910 v.
677 2871 961 2923 pedunculatos
994 2870 1191 2911 anthelam
1223 2872 1439 2913 formantes
1473 2872 1703 2925 dispositae.
1767 2869 1858 2910 Glu-

176 2939 262 2966 mae
302 2927 541 2980 permultae,
585 2929 817 2982 plerumque
850 2941 991 2970 omnes
1024 2929 1235 2971 floriferae.
1297 2932 1414 2972 Setae
1445 2931 1682 2984 hypogynae
1715 2928 1859 2969 nullae.

179 2984 364 3038 Stigmata
378 2984 401 3026 2
413 2984 488 3028 -3
499 2986 645 3039 glabra.
667 2986 963 3029 Inflorescentia
979 2987 1082 3028 foliis
1095 2988 1298 3030 floralibus
1314 2989 1587 3042 inaequalibus
1602 2987 1858 3028 involucrata.
