1960 3237
895 101 952 145 15

119 230 224 261 tanae
248 223 397 270 Hispan.
422 222 590 259 australis
615 223 764 267 passim:
791 223 827 258 in
853 233 949 267 regn.
969 223 1116 260 Granat.
1136 224 1183 269 (S.
1201 224 1244 260 de
1261 225 1382 270 Mijas,
1397 225 1441 260 ad
1461 227 1644 269 1—2000‘,
1664 227 1779 272 ΨΚ).

118 283 171 317 pr.
190 272 348 307 Cordova
365 270 521 325 (LGE3l),
544 268 690 312 Malaga
706 270 820 316 (BSS.‚
847 270 977 316 LGE.)⁷
1006 272 1042 306 in
1068 283 1162 317 prov.
1181 272 1299 308 Gadit.
1327 273 1485 318 (Medina
1509 274 1639 319 Sidon„
1664 275 1779 321 WK.).

120 316 716 406 —HziilrFiii'rGalliiIafiiel-(ixd.‚v'I)tal..
743 362 856 408 Sami,
882 364 992 409 Cors.⁷
1018 365 1124 412 Sicil.,
1149 365 1289 411 Graec.²
1315 365 1434 412 Ture.⁷
1452 366 1618 413 Dalmat„
1637 368 1777 405 Balear.

118 413 243 457 Lusit„
270 412 347 447 Afr.
373 413 458 450 bor..
483 410 609 445 Canar.

170 472 225 506 62.
261 472 298 505 S.
324 471 541 512 spinulosa
567 468 610 502 A.
636 467 706 502 BR.
733 478 789 513 ap.
816 468 968 504 DOELL.
1003 469 1056 504 Fl.
1083 470 1136 504 rh.
1172 471 1427 517 (Lycopodium
1453 471 1687 514 selaginoides
1713 473 1779 518 L.).

75 517 202 553 Differt
227 528 247 552 a
271 516 434 562 praeced.
461 516 554 551 foliis
581 515 717 560 sparsis
743 521 891 558 anguste
917 516 1125 552 lanceolatis
1150 518 1586 563 spinuloso-denticulatis.

164 564 206 599 In
240 563 449 607 graminosis
483 562 637 606 regionis
668 562 808 606 alpinae
840 563 1054 608 Pyrenaeor.
1092 564 1294 609 Aragoniae
1334 566 1477 611 (Puerto
1511 566 1554 601 de
1587 566 1783 611 Benasque,

121 611 332 656 Maladetta‚
360 611 566 649 Castaneza,
592 609 739 653 ΖΕΤΤ.).
766 630 810 634 -
838 619 873 649 21.
899 615 986 646 aest.
1013 612 1058 655 (n.
1085 612 1139 656 v.).

163 658 254 693 Hah.
281 658 317 693 in
341 657 470 703 Pyren.
495 656 604 701 Gall..
629 656 768 701 Alpib.‚
794 656 894 702 Jura,
921 657 1101 704 Carpath..
1137 657 1267 704 Sudet„
1300 658 1466 706 Hercyn.‚
1492 659 1666 707 Scandin.‚
1694 660 1782 696 Brit.

186 729 321 770 XXVI.
364 727 689 769 LYCOPODIUM
721 727 762 769 L.
797 728 894 768 Gen.
928 728 975 780 pl.
1010 728 1153 769 Caules
1178 734 1329 770 teretes
1352 731 1415 772 vel
1438 733 1677 785 compressi,
1714 732 1780 772 sol.

70 788 270 829 acerincis
288 787 352 828 vel
369 786 771 840 squamaeformibus,
796 787 970 839 capsulis
989 799 1066 827 non
1086 788 1163 827 nisi
1187 789 1457 842 microsporas
1482 791 1780 831 continentibus

68 852 136 887 aut
159 846 392 887 axillaribus
417 850 484 886 aut
506 846 543 885 in
569 849 725 885 amenta
749 845 971 885 terminalia
995 845 1260 898 pedunculata
1283 849 1347 888 vel
1375 848 1534 901 sessilia
1558 850 1778 904 congestis.

696 912 720 955 †
768 912 943 958 Capsulae
968 913 1148 949 axillares.

165 976 221 1010 63.
255 975 301 1008 L.
337 974 486 1013 Selago
519 971 560 1006 L.
603 971 685 1006 Cod.
722 972 830 1007 7968!
873 971 993 1006 SCHK.
1028 971 1130 1007 Filic.
1168 978 1192 1007 t.
1226 974 1309 1009 159!
1359 974 1485 1011 Caules
1526 974 1780 1012 adscendentes

72 1024 187 1058 4-—8¹¹
212 1022 235 1056 1.
261 1019 435 1063 fastigiati
459 1019 565 1054 dense
590 1019 713 1063 foliati.
738 1018 795 1053 fol.
822 1020 994 1054 acerineis
1019 1020 1189 1055 coriaceis
1214 1020 1338 1065 rigidis
1363 1022 1570 1068 imbricatis,
1595 1022 1779 1060 floralibus

68 1082 146 1106 cum
170 1068 298 1104 ceteris
323 1066 568 1102 conformibus.

162 1115 219 1151 Ad
243 1124 348 1159 rupes
372 1112 537 1148 humidas
562 1112 715 1155 regionis
741 1112 810 1157 alp.
836 1112 873 1146 in
890 1112 1046 1148 Asturiis
1072 1111 1234 1158 (Laguna
1252 1114 1294 1149 de
1312 1115 1436 1161 Arvas,
1455 1115 1571 1161 DUR.)
1597 1123 1632 1152 et
1649 1117 1777 1163 Pyren.

115 1164 204 1204 (Pto.
223 1162 265 1197 de
282 1162 478 1204 Benasque,
496 1159 706 1198 Maladetta,
724 1159 860 1203 ZETT.)
878 1161 1022 1204 passim.
1041 1181 1086 1186 —-
1106 1170 1140 1200 ιι,
1159 1161 1258 1197 Aest.
1279 1163 1322 1208 (n.
1342 1163 1397 1207 v.).
1426 1163 1573 1207 »Musgo
1590 1163 1777 1200 derecho«.

163 1209 257 1245 Hal).
282 1209 318 1243 in
345 1207 479 1252 Europ.
504 1207 578 1242 bor.
605 1212 640 1241 et
664 1206 766 1251 med„
793 1206 873 1241 Ital.
900 1207 986 1252 bor..
1012 1208 1132 1243 Amer.
1158 1209 1233 1244 bor.

161 1269 216 1303 64.
250 1269 296 1302 L.
321 1267 578 1305 inundatum
603 1264 643 1299 L.
671 1264 754 1300 Cod.
781 1265 892 1299 7967!
920 1264 1039 1300 SCHK.
1065 1265 1167 1301 Filic.
1197 1272 1220 1301 t.
1249 1268 1334 1302 160!
1385 1266 1511 1304 Caules
1544 1275 1710 1315 repentes
1743 1276 1778 1306 et

65 1315 265 1351 radicantes
292 1315 407 1348 2—5¹¹
431 1314 454 1348 l.
479 1323 605 1357 parum
630 1311 760 1347 ramosi
786 1317 821 1346 et
845 1311 952 1347 dense
977 1313 1107 1357 foliati,
1140 1313 1199 1348 fol.
1231 1314 1428 1350 imbricatis
1462 1316 1655 1353 linearibus
1691 1329 1773 1352 acu-

65 1363 208 1399 minatis
232 1361 346 1396 minus
370 1360 494 1404 rigidis
520 1370 624 1404 quam
649 1360 685 1393 in
710 1370 839 1404 praee,
863 1358 975 1395 floral.
1000 1360 1077 1396 basi
1108 1361 1291 1405 paululum
1317 1361 1477 1398 dilatatis
1513 1375 1592 1398 cum
1616 1366 1774 1410 capsulis

64 1409 362 1447 inflorescentiam
387 1412 627 1442 amentaceam
651 1406 892 1441 formantibus.

162 1457 204 1491 In
229 1455 371 1491 ericetis
396 1454 579 1498 uliginosis
605 1453 649 1488 ad
674 1453 774 1497 Lugo
799 1452 933 1488 Gallec.
962 1452 1097 1499 (Lon).
1123 1474 1168 1478 —
1195 1462 1230 1495 21.
1257 1454 1327 1488 Jul.
1355 1455 1400 1500 (n.
1426 1456 1479 1501 v.).

158 1504 250 1539 Hab.
275 1503 311 1538 in
335 1501 473 1548 Scand„
499 1501 600 1538 Dan..
625 1501 725 1546 Brit,
750 1500 855 1546 Gall..
880 1499 1013 1545 Europ.
1039 1500 1142 1546 med.⁷
1167 1501 1247 1536 Ital.
1273 1502 1419 1537 boreali.

577 1559 626 1601 ††
674 1559 827 1594 Amenta
851 1558 1020 1594 distincta
1043 1559 1256 1594 terminalia.

158 1621 213 1655 65.
246 1621 293 1654 1..
320 1620 511 1661 alpinum
535 1617 575 1652 L.
603 1617 685 1654 Cod.
711 1619 822 1653 7974!
848 1617 968 1652 SCHK.
994 1617 1097 1652 Filic.
1124 1623 1148 1652 t.
1175 1618 1260 1652 161!
1289 1618 1342 1662 (L.
1366 1618 1647 1663 juniperifolium
1673 1621 1767 1665 DC.).

68 1667 195 1702 Caules
219 1666 323 1710 longe
347 1671 513 1711 repentes
538 1671 678 1709 tenues,
713 1664 821 1700 ramis
857 1663 1151 1699 adscendentibus
1177 1666 1292 1698 2—41‘
1318 1665 1339 1699 l.
1370 1666 1596 1713 caespitosis‚
1627 1668 1685 1703 fol.
1712 1668 1772 1703 ad-

66 1715 201 1760 pressis
225 1713 444 1748 lanceolatis.
469 1713 506 1746 in
530 1713 638 1748 ramis
664 1711 901 1757 quadrifariis‚
928 1711 1079 1746 amentis
1105 1712 1288 1747 sessilibus
1315 1712 1494 1749 solitariis.

156 1760 253 1796 Inter
277 1771 414 1841 nguscos
439 1760 476 1793 in
499 1756 639 1847 regione
664 1759 771 1805 alpin.
795 1758 1020 1804 Pyrenaeor.⁷
1046 1758 1157 1793 Catal.
1184 1758 1301 1804 (Valle
1327 1759 1369 1794 de
1387 1760 1495 1807 Aran,
1514 1759 1698 1805 YSERNl).
1724 1781 1768 1786 —

114 1818 149 1849 21.
175 1809 231 1842 Au
260 1811 388 1842 ..e)t.
427 1818 536 1841 v.s..
907 1819 912 1824 ·

154 1818 257 1890 Hah?
272 1855 308 1889 in
332 1807 470 1890 dauid..
494 1853 595 1897 Brit,
620 1853 746 1897 Pyren.
772 1851 877 1897 Gall.⁷
903 1852 1035 1897 Alpib.‚
1060 1852 1210 1897 Appen.⁷
1236 1852 1273 1887 in
1297 1852 1400 1888 Ross.
1417 1858 1502 1889 aret.
1527 1859 1563 1889 et
1587 1854 1676 1890 Asia
1695 1855 1767 1890 bor.

156 1914 211 1948 66.
245 1915 289 1948 L.
317 1914 532 1947 clavatum
568 1911 608 1946 L.
652 1910 734 1946 Cod.
768 1910 876 1946 7963!
927 1910 1046 1945 SCHK.
1083 1910 1186 1945 Filic.
1222 1916 1245 1946 t.
1284 1912 1367 1947 162!
1418 1911 1545 1947 Caules
1585 1913 1768 1958 praelongi

62 1966 224 2005 repentes
250 1966 285 1995 et
309 1959 522 2004 radicantes,
554 1958 662 1993 ramis
693 1958 840 1992 alternis
873 1957 1169 1993 adscendentibus
1201 1959 1318 1992 4—6“
1342 1958 1364 1993 1.
1391 1958 1499 1994 dense
1523 1959 1674 2006 foliatis,
1709 1961 1767 1996 fol.

62 2007 212 2052 undique
238 2007 432 2042 imbricatis
457 2006 650 2046 linearibus
674 2004 833 2050 piliferis.
859 2004 1009 2040 amentis
1034 2005 1126 2040 binis
1151 2017 1181 2040 v.
1207 2006 1318 2040 ternis
1343 2006 1598 2051 pedunculatis.
1650 2049 1652 2051 Ι

156 2054 199 2089 In
223 2054 363 2089 ericetis
391 2054 493 2089 siccis
519 2053 672 2097 regionis
697 2057 803 2087 mont.
829 2051 1022 2097 Hispaniae
1048 2052 1192 2087 central.
1219 2058 1254 2087 et
1278 2052 1402 2088 orient.
1428 2054 1578 2098 passim:
1611 2054 1648 2088 in
1673 2054 1766 2090 Cast.

109 2107 176 2136 vet.
203 2101 361 2147 (Burgos,
386 2106 492 2136 mont.
517 2100 559 2134 de
584 2099 698 2145 Avila,
724 2098 876 2143 QUER.),
902 2099 1050 2134 Navarr.
1076 2099 1351 2145 (Roncesvalles,
1369 2098 1484 2146 NEE),
1510 2101 1636 2146 Pyren.
1655 2101 1766 2137 Catal.

110 2147 273 2192 (COLM.).
299 2167 344 2173 —
371 2157 406 2185 a.
433 2148 524 2191 Aug.
550 2147 646 2192 Sept.
673 2146 715 2190 (ν.
741 2146 797 2191 v.).
833 2146 916 2180 »Pie
944 2145 986 2181 de
1011 2147 1123 2181 lobo«.

154 2194 244 2230 Hah.
270 2205 333 2240 per
357 2205 494 2230 omnem
518 2193 651 2240 Europ.
677 2194 751 2228 bor.
777 2199 812 2228 et
835 2193 999 2240 mediam,
1024 2194 1061 2228 in
1086 2193 1164 2230 Ital⁴
1192 2193 1278 2239 bor..
1303 2193 1392 2230 Asia
1416 2199 1451 2230 et
1475 2194 1593 2230 Amer.
1620 2195 1765 2231 boreali.

667 2289 848 2330 speeies
873 2289 1147 2329 inquirendaz

62 2360 374 2440 Lycoyfiqdiuqn
398 2360 667 2394 annotinum
697 2357 739 2393 L.
774 2358 857 2395 Cod.
886 2359 995 2395 7970!
1022 2378 1067 2384 -
1091 2359 1128 2393 in
1161 2358 1288 2403 Pyren.
1320 2355 1475 2404 Galliae,
1507 2357 1625 2394 forsan
1657 2361 1764 2396 etiam

235 2416 404 2452 ispamae.

293 2500 657 2540 sporophytorum
680 2499 914 2540 Hispaniae
940 2499 1225 2534 vaseularium
1250 2500 1523 2539 computatio.

430 2566 760 2613 Hymenophylleae
815 2595 821 2601 .
871 2595 878 2601 .
929 2578 1059 2611 genera
1107 2569 1137 2609 1,
1186 2566 1321 2611 species
1371 2570 1387 2602 1

428 2613 709 2659 Polypodiaceae
758 2642 765 2649 .
814 2643 821 2648 .
871 2643 878 2649 .
980 2628 995 2644 ι
1079 2615 1134 2651 17,
1345 2618 1391 2651 42

429 2660 694 2697 Osmundaceae
758 2690 764 2696 .
816 2690 822 2696 .
873 2689 880 2696 .
980 2675 994 2691 »
1104 2663 1134 2704 1,
1372 2665 1387 2696 1

429 2706 706 2752 Ophioglosseae
762 2737 769 2743 .
820 2736 826 2742 .
877 2736 884 2743 .
1105 2709 1137 2747 2,
1371 2712 1390 2743 3

360 2782 365 2785 .
430 2753 645 2798 Equiseteae
703 2784 709 2790 .
760 2784 766 2790 .
818 2783 823 2789 .
875 2784 880 2790 .
1104 2756 1135 2799 1,
1370 2758 1391 2789 9

429 2800 677 2838 Marsiliaceae
702 2831 709 2837 .
761 2831 767 2836 .
818 2831 824 2837 .
876 2830 882 2836 .
1104 2803 1135 2845 1,
1372 2805 1387 2836 1

429 2847 589 2883 Isoeteae
642 2877 877 2884 .....
1100 2850 1131 2892 1,
1369 2853 1389 2884 3

428 2894 724 2938 Selaginellaccae
759 2925 764 2930 .
815 2924 822 2930 .
873 2924 879 2929 .
1102 2896 1134 2933 2.
1368 2900 1389 2930 (i

920 2946 924 2948 ’
948 2946 1041 2995 'gen
1051 2944 1123 2998 >26,
1197 2946 1446 2999 ‘sjio‘zs‘fflY‘
1460 2948 1474 2949 '⁷
