1960 3237
880 106 973 151 235

207 227 386 272 CCXLV.
431 228 626 269 BETULA
669 229 812 270 Tounu.
857 229 948 271 lnst.
1026 228 1279 282 Perigonium
1327 228 1466 271 florum
1511 232 1776 272 masculorum

88 285 393 339 monophyllum.
471 287 642 328 Stamina
697 287 955 340 monadelpha
1010 287 1187 327 antheris
1244 287 1567 332 uniloeularihus.
1639 290 1777 330 Florcs

88 343 250 384 feminei
281 345 490 398 perigonio
521 351 720 397 carentes,
753 346 833 385 bini
865 357 899 385 v,
925 346 1029 385 terni
1060 346 1137 386 sub
1170 356 1332 399 squama
1364 346 1554 399 tripartita
1586 353 1679 401 post
1712 361 1778 388 an-

87 401 218 442 thesin
259 408 498 443 ecrescente
530 409 570 443 et
599 416 687 443 cum
720 403 851 443 fructu
882 403 967 444 basi
1008 409 1328 456 concrescente,
1377 417 1453 458 qua
1484 417 1529 445 re
1577 411 1778 446 amentum

87 459 302 502 femineum
347 461 385 500 in
430 462 637 502 strolibum
679 461 940 514 cylindricum
972 467 1260 515 commutatur,
1308 463 1423 516 cujus
1455 463 1611 504 rhachis
1644 464 1780 505 filtror-

87 518 161 557 mis
204 517 360 559 demum
395 519 641 571 denudatur,
693 521 868 573 squamis
901 532 989 560 cum
1023 519 1216 561 fructibus
1250 523 1414 561 maturis
1446 534 1467 561 a
1497 522 1632 563 rhachi
1666 535 1780 562 sece-

88 576 287 617 dentibus.
351 575 522 618 Amenta
570 578 742 618 feminea
781 578 977 619 filisormia
1023 590 1113 619 cum
1160 579 1266 619 soliis
1313 585 1559 633 coaetanea,
1606 581 1780 621 mascula

87 647 314 688 praecoma.

182 703 261 736 983.
286 703 331 737 B.
358 712 585 738 verrucosa
622 703 753 738 EHRI-I.
791 703 898 739 Bcitr.
924 703 984 749 VI,
1010 704 1054 737 98
1098 703 1150 748 (Β.
1177 704 1259 739 alba
1282 704 1322 739 L.
1350 715 1394 739 ex
1415 717 1460 750 p.,
1486 705 1552 740 SM.
1579 705 1682 747 Engl.
1709 706 1780 741 bot.

87 749 201 793 2198„
232 749 270 783 B.
297 748 443 784 odorata
467 750 590 785 RCHB.
619 751 664 786 Ic.
690 751 771 793 XII,
808 752 829 785 f.
858 752 962 786 1288!
1000 762 1068 785 non
1092 752 1290 795 BEOHST.).
1340 752 1519 798 Arborea,
1543 752 1780 798 peridermate

87 797 166 831 albo
197 795 306 831 n'itido
339 796 513 832 fasciatim
539 798 742 842 secedente,
768 797 860 834 foliis
885 797 1184 834 rhomboidalibus
1210 812 1239 834 v.
1265 800 1541 842 triangularibus
1573 800 1782 835 acuminatis

87 843 426 888 duplicato—serratis
450 844 683 888 glaberrimis.
708 844 838 880 adultis
864 855 972 890 supra.
995 846 1135 890 punctis
1158 847 1486 882 resinoso-ceraceis
1504 847 1639 891 obsitis,
1664 858 1779 882 ramu-

86 891 131 926 lis
159 891 300 934 juvenil.
328 891 531 936 (praecipue
555 892 767 937 tui-ionibus)
794 892 1182 937 resinoso—verrucosis,
1218 894 1373 938 squamis
1400 895 1530 929 amenti
1556 894 1696 929 feminei
1721 894 1782 929 tri-

86 937 245 983 partitis,
276 937 365 973 lobis
387 938 524 974 lateral.
550 939 760 985 recurvatis,
784 939 898 974 medio
930 940 1131 981 angustiore
1157 945 1192 974 et.
1214 941 1374 976 breviore
1399 946 1579 987 porrect0‚
1607 942 1779 976 achaenio

88 985 242 1067 {giptgigo
277 984 440 1065 utrinque
472 986 643 1022 latissime
674 986 785 1031 alato,
823 986 889 1021 alis
913 982 1023 1032 stylos
1047 987 1279 1033 persistentes
1303 989 1569 1032 attingentibus.
1594 1009 1639 1014 —
1665 989 1783 1024 Arbor

135 1052 178 1057 --
230 1036 284 1066 ‘a
300 1038 346 1066 ta.

181 1078 222 1113 In
246 1078 446 1113 nemoribus
470 1084 505 1113 et
530 1079 698 1114 silvaticis
724 1079 878 1123 regionis
902 1085 1009 1114 mont.
1035 1079 1230 1124 Hispaniae
1256 1080 1400 1125 boreal,
1438 1081 1585 1116 central.
1610 1087 1645 1117 et
1669 1082 1782 1116 orien-

134 1125 215 1160 talis
250 1126 399 1171 passim:
438 1126 472 1159 in
505 1125 637 1162 Gallec.
675 1126 937 1172 (vfrecuentm,
972 1127 1124 1171 PLAN.),
1150 1127 1272 1162 Astur.
1301 1128 1393 1163 (vall.
1422 1128 1544 1163 decliv.
1566 1128 1782 1174 occidental„

133 1172 275 1219 PAST.),
311 1172 474 1207 Cantabr.
514 1178 625 1214 (rarox
668 1184 711 1208 en
747 1173 780 1208 el
816 1174 947 1208 Puerto
978 1173 1020 1208 (le
1051 1173 1249 1219 Descarga,
1289 1175 1403 1216 ΨΚ),
1438 1175 1586 1211 Navarr.
1615 1176 1703 1221 (Pto.
1739 1175 1782 1210 (le

133 1220 256 1254 Belate
292 1219 327 1253 in
361 1219 504 1264 fagetis,
547 1220 660 1261 ΨΚ),
703 1220 855 1263 Aragon.
883 1232 959 1265 sup.
999 1221 1090 1257 (vall.
1123 1221 1348 1266 Pyrenaeor.,
1377 1222 1475 1265 WK.,
1517 1223 1630 1267 Ass),
1669 1223 1781 1258 Catal.

133 1267 325 1311 (Monseni‚
358 1265 390 1301 S.
417 1266 511 1301 Juan
536 1266 578 1302 de
603 1267 655 1302 las
679 1267 881 1313 Abadesas,
918 1268 1052 1312 COLM.,
1086 1268 1167 1302 vall.
1193 1267 1235 1302 de
1260 1270 1465 1313 Bcnasque,
1503 1270 1650 1315 ZETT.),
1688 1270 1781 1306 Cast.

133 1319 198 1349 vet.
235 1313 280 1358 (S.
307 1313 349 1348 de
375 1313 493 1359 Seria,
530 1312 648 1359 Mne),
684 1320 790 1350 mont.
830 1314 970 1359 Carpet.
1007 1314 1100 1356 (vall.
1136 1314 1314 1362 Lozoyae,
1353 1316 1453 1359 WK.,
1492 1316 1525 1351 S.
1559 1317 1601 1352 de
1636 1316 1783 1358 Gredos,

136 1360 498 1442 COLMXbpg.lBejar,
523 1360 637 1407 WK.),
668 1372 776 1405 regno
800 1361 944 1406 Legion.
971 1363 1013 1403 (c,
1040 1361 1182 1405 Castro,
1220 1362 1361 1405 LGE.!).
1386 1384 1430 1389 -
1455 1363 1554 1409 Apr..
1592 1364 1690 1410 Majo
1741 1365 1782 1410 (v.

135 1421 164 1444 V.
185 1437 190 1443 .
220 1422 234 1438 >>
299 1418 316 1442 e
343 1419 365 1441 u
386 1422 414 1442 (τ.

168 1413 271 1490 'Hau
296 1465 359 1499 per
382 1464 518 1489 omnem
544 1454 688 1499 Europ„
714 1460 849 1500 except.
874 1454 988 1491 Lusit.
1015 1460 1051 1491 et
1074 1455 1222 1501 Hispan.
1249 1456 1411 1503 australi,
1439 1456 1598 1494 Graecia.

179 1513 282 1547 2984.
308 1514 352 1547 B.
379 1514 614 1554 pubescens
640 1512 771 1547 EHRH.
797 1513 820 1548 l.
846 1524 873 1548 c.
901 1513 1066 1548 HARTIG
1089 1514 1286 1556 Forstgew.
1311 1519 1335 1550 t.
1362 1517 1423 1559 28,
1457 1517 1518 1551 291
1557 1515 1608 1559 (B.
1635 1514 1717 1550 alba
1741 1513 1782 1550 L.

90 1571 132 1595 ex
161 1560 219 1605 p).
266 1559 394 1594 Differt
419 1570 440 1594 a
464 1559 627 1604 praeced.
669 1561 801 1594 cortice
826 1561 939 1596 minus
964 1561 1062 1604 albo,
1105 1562 1249 1597 ramulis
1275 1563 1479 1607 (praecipue
1510 1562 1723 1607 juvenilibus
1749 1567 1785 1596 et

90 1607 297 1651 turionibus)
337 1606 798 1652 velutino-pubescentibus,
840 1607 934 1643 foliis
973 1608 1084 1643 oratis
1124 1620 1154 1643 v.
1198 1608 1470 1644 cordato-ovans
1510 1610 1622 1644 minus
1662 1621 1691 1643 v.
1726 1609 1782 1643 vix

90 1654 317 1699 acuminatis,
355 1664 520 1698 squamae
546 1654 716 1689 femineae
751 1654 842 1690 lobis
866 1655 1074 1691 lateralibus
1099 1656 1289 1702 porrectis,
1326 1656 1484 1692 fuctuum
1517 1657 1584 1692 alis
1607 1656 1783 1700 angustio-

93 1702 189 1737 ribus
212 1701 441 1736 brevioribus.

183 1749 223 1783 In
248 1748 441 1793 Pyrenaeis
467 1757 626 1783 crescere
651 1746 790 1783 dieitur.
815 1767 860 1773 —
887 1755 920 1786 τ).
946 1748 1043 1793 Majo
1068 1751 1115 1789 (n.
1141 1753 1197 1787 tn).

184 1795 274 1831 Hab.
300 1805 363 1840 per
388 1805 523 1830 omnem
547 1794 680 1840 Europ.
706 1795 837 1830 boreal.
865 1801 901 1830 et
923 1795 1092 1842 mediam,
1117 1796 1153 1830 in
1177 1796 1290 1831 Lusit.
1317 1797 1390 1832 bor.
1416 1801 1451 1832 et
1474 1795 1698 1833 Lombardia.

207 1867 399 1907 CCXLVI.
443 1866 606 1907 ALNUS
641 1867 783 1908 Tounu.
834 1866 931 1908 Inst.
993 1867 1130 1908 Flores
1183 1868 1348 1908 masculi
1397 1870 1609 1923 perigonio
1658 1873 1781 1908 tetra-

92 1925 244 1979 phyllo‚
300 1925 535 1966 staminibus
585 1925 723 1965 liberis
772 1930 812 1966 et
856 1925 1032 1966 antheris
1078 1927 1363 1967 bilocularibus
1411 1928 1570 1979 muniti3
1618 1927 1783 1967 feminei

90 1989 183 2038 post
213 1984 396 2025 anthesin
428 1984 657 2038 lignescunt
689 1988 728 2024 et
759 1983 863 2024 inter
894 1996 939 2024 se
971 1991 1251 2033 concrescunt,
1299 1998 1373 2038 qua
1405 1999 1450 2026 re
1482 1990 1638 2026 amenta
1670 1985 1782 2025 femi-

93 2055 166 2083 nea
206 2043 246 2083 in
277 2042 486 2082 Strobilum
518 2047 676 2082 ovatum
698 2054 733 2081 v.
758 2043 971 2096 oblongum
1003 2044 1130 2096 primo
1153 2044 1346 2096 clausum,
1382 2045 1538 2085 demum
1572 2043 1781 2085 dehiscen—

91 2107 171 2142 tem
216 2105 256 2141 et
298 2100 485 2140 achaenia
518 2101 764 2140 emittentem
796 2106 1097 2142 commutantur.
1160 2102 1361 2143 Achaenia
1395 2103 1544 2143 exalata
1579 2102 1781 2155 angulata.

92 2158 261 2200 Amenta
304 2158 472 2198 feminea
514 2171 633 2211 parva
666 2159 1042 2213 oblongo-linearia,
1077 2161 1163 2200 basi
1194 2162 1336 2202 ramuli
1367 2173 1398 2201 s.
1432 2161 1643 2215 pedunculi
1675 2172 1780 2200 com·

94 2219 221 2258 munis
254 2217 403 2269 apicem
436 2228 581 2256 versus
604 2221 758 2257 amenta
782 2218 952 2258 mascula
977 2218 1144 2259 serentis
1167 2219 1330 2265 inserta,
1363 2224 1534 2272 utraque
1557 2218 1780 2272 praecocia.

183 2286 260 2320 985.
285 2287 333 2318 A.
358 2286 572 2325 glutinosa
596 2283 750 2319 GKRTN.
776 2285 829 2319 De
853 2285 955 2321 fruct.
981 2296 1063 2321 sem.
1090 2286 1137 2331 II,
1163 2292 1187 2322 t.
1213 2288 1268 2321 90.
1296 2287 1419 2323 ROHB.
1445 2288 1492 2322 Ic.
1518 2287 1540 2322 l.
1567 2298 1595 2322 c.
1621 2286 1643 2321 f.
1665 2287 1771 2321 1295!

91 2332 231 2373 (Betula
247 2331 358 2366 Alnus
383 2342 418 2365 α.
436 2331 612 2374 glutinosa
628 2331 681 2376 L.,
706 2332 781 2366 Bet.
798 2332 973 2376 glutinosa
989 2333 1098 2368 VILL.
1111 2345 1180 2368 non
1194 2333 1362 2370 WALLR.
1389 2346 1451 2370 nec
1475 2334 1571 2377 FR.).
1609 2333 1780 2379 Arborea,

92 2380 220 2415 cortice
256 2379 475 2421 nigrescente
508 2379 636 2414 rimoso
661 2379 887 2424 persistente,
922 2379 1013 2415 foliis
1038 2381 1358 2417 suborbicularibus
1383 2395 1412 2417 v.
1438 2382 1609 2425 obovatis,
1648 2381 1778 2416 retusis

69 2462 71 2466 ,
93 2440 122 2462 v.
147 2425 386 2470 emarginatis,
410 2424 561 2461 dentatis
585 2438 614 2460 v.
638 2425 769 2471 incisis,
794 2437 899 2471 supra
922 2427 1106 2471 glutinosis
1132 2428 1254 2463 subtus
1279 2429 1323 2463 ad
1350 2440 1471 2465 nervos
1494 2428 1638 2474 pilosis3
1664 2438 1781 2463 amen-

93 2475 139 2510 tis
164 2473 293 2517 rubris,
320 2472 475 2507 strobilis
500 2473 610 2508 ovatis
635 2473 923 2516 nigrescentibus.
963 2475 1081 2509 Arbor
1107 2476 1256 2509 30—(30‘
1280 2476 1362 2511 alta.

185 2520 227 2554 In
250 2519 422 2564 humidis,
451 2519 496 2554 ad
521 2520 611 2555 rivos
635 2530 698 2564 per
723 2530 859 2554 omnem
883 2521 954 2556 fere
979 2521 1205 2566 Hispaniam,
1240 2521 1276 2556 iu
1302 2522 1437 2557 boreali
1460 2523 1496 2556 in
1520 2532 1592 2565 reg.
1618 2521 1719 2556 infer.
1746 2525 1781 2555 et

142 2572 247 2602 mont.
273 2566 431 2609 (Gallec.,
456 2566 588 2611 Astur.,
614 2566 824 2602 Cantabriae
848 2568 982 2609 vallib.)
1006 2568 1187 2612 frequens,
1214 2568 1249 2603 in
1274 2570 1456 2605 orientalis
1481 2574 1515 2604 et
1540 2569 1683 2604 central.
1710 2578 1779 2611 reg.

141 2619 247 2649 mont.
274 2613 387 2647 rarior
411 2613 504 2652 (vall.
527 2614 672 2648 Baztan.
698 2614 890 2653 Navarrae.
915 2627 944 2650 c.
970 2614 1069 2657 Jaca,
1095 2615 1130 2649 in
1155 2615 1271 2650 vallib.
1298 2618 1505 2662 Pyrenaeor.
1532 2616 1653 2659 Arag,
1681 2615 1780 2657 WK„

143 2673 171 2696 c.
197 2660 315 2705 Epila,
340 2660 516 2705 Pitarque,
541 2662 640 2704 Ass,
666 2671 708 2695 en
726 2661 759 2695 el
775 2661 896 2697 Valles
921 2662 1043 2705 Catal.,
1070 2663 1205 2704 Comi„
1226 2683 1265 2686 Ἣ
1286 2665 1320 2698 in
1345 2670 1449 2699 mont.
1476 2665 1627 2708 carpet„
1653 2661 1777 2705 Quint,

144 2707 246 2751 WK.,
282 2717 310 2741 c.
335 2706 529 2752 Plasencia,
566 2707 775 2743 Villanueva
799 2714 835 2743 et
857 2708 977 2744 Bafios
1002 2709 1037 2743 in
1062 2708 1279 2754 Extremad.,
1311 2711 1424 2756 ΨΚ),
1457 2711 1494 2746 in
1517 2710 1682 2745 australis
1708 2718 1779 2750 reg.

144 2759 250 2836 mfflit.
275 2764 372 2789 raro:
396 2754 432 2788 in
456 2763 562 2797 regno
586 2754 725 2790 Valent.
752 2754 885 2801 (CAV.),
911 2755 942 2790 S.
957 2756 1123 2792 Morcnae
1140 2756 1256 2792 vallib.
1284 2758 1398 2804 (WK.)
1413 2779 1457 2784 —
1475 2766 1508 2798 t«.
1534 2757 1641 2792 Mart.
1661 2757 1703 2800 (v.
1722 2755 1780 2800 v.).

147 2817 161 2834 n
216 2812 301 2836 180¹.

189 2848 280 2883 Hab.
305 2857 367 2893 per
391 2856 526 2881 omnem
550 2846 624 2882 fere
649 2847 840 2894 Europam.
