1960 3237
906 85 997 131 261

147 211 362 246 Gaditanum
388 215 424 244 et
459 210 496 244 in
529 208 660 244 ditione
685 208 720 243 la
755 208 948 252 Marisma,
991 207 1139 252 CLEM.),
1179 206 1216 240 in
1241 205 1350 249 Arag.
1378 206 1435 250 (ad
1461 207 1592 242 salinas
1617 207 1659 242 de
1686 208 1746 242 Sin
1772 208 1808 242 in

146 259 236 293 valle
273 257 316 292 de
348 257 489 292 Gistain
519 256 659 301 Pyren..
702 255 830 299 ΒΑΗ),
870 255 1026 290 Castella
1052 266 1125 289 nov.
1152 254 1362 298 (Aranjuez,
1400 253 1511 298 prado
1538 253 1580 288 de
1605 254 1730 290 Zorita
1755 267 1807 300 pr.

146 305 292 340 Madrit.
333 304 464 344 LAG.);
490 324 534 328 —-
561 307 597 344 ff.
623 304 659 337 in
693 314 799 346 regno
834 302 974 337 Valent.
1014 301 1154 344 (abund.
1180 312 1208 336 c.
1246 301 1429 342 Alicante,
1467 300 1655 346 Orihuela,
1694 301 1807 349 LAG.,

145 352 323 388 Castellon
349 351 392 385 de
417 352 452 385 la
475 351 606 394 Plana,
645 350 754 395 CAV.,
791 349 981 387 Valencia,
1009 349 1124 391 ΨΚ),
1150 348 1308 382 Murcico
1335 346 1468 391 (Cieza,
1495 348 1653 390 Murcia,
1680 348 1806 395 LAG.),

144 399 290 434 Granat.
318 398 474 442 (Cuevas,
507 397 610 442 Hoya
634 397 676 431 de
702 397 815 438 Baza,
848 396 1100 440 Benamaurel,
1128 395 1329 439 Roquetas,
1356 394 1451 428 Cabo
1475 394 1517 428 de
1543 394 1655 437 Grata,
1683 396 1806 432 CLEM.

145 447 256 491 LAG.,
291 445 498 489 BOURG.!),
536 445 636 479 Baet.
673 444 872 488 (marismas
898 443 940 478 de
967 443 1073 478 Cadiz
1096 456 1118 488 y
1143 442 1331 485 Chiclana,
1358 441 1514 485 ΟΜΝ),
1539 441 1574 475 in
1600 442 1694 478 Cast.
1720 455 1809 478 nova

146 494 220 538 (int.
251 493 433 536 Aranjuez
469 497 504 527 et
540 491 680 530 Ocaua.
722 490 853 529 LAG.)·
881 511 926 516 —
951 502 987 534 μγ.
1013 491 1049 525 in
1073 490 1256 536 paludosis
1281 489 1396 524 marit.
1421 488 1466 524 ad
1491 488 1629 524 Huelva
1655 495 1690 525 et
1713 490 1807 536 Aya-

142 545 260 575 monte
287 539 416 584 (WK.).
443 559 487 564 -—
512 542 561 579 (0).
587 538 741 572 Junio—
768 538 853 573 Nov.
881 544 924 573 (v.
950 537 1004 577 v).

187 587 340 622 Nomina
363 586 540 630 vulgaria:
579 598 613 620 a.
644 585 895 620 »Cafiametes«
923 584 1065 618 Valent.
1096 582 1228 629 »Mata,
1255 582 1417 618 Matilla«
1445 581 1592 618 Granat.
1619 587 1655 618 et
1685 583 1805 630 Baet.;

146 633 184 674 β.
215 634 323 669 »Sosa
347 634 494 668 blanca«
522 633 675 677 Valent,
705 633 813 667 »Sosa
838 632 995 676 azuleja«
1024 630 1172 665 Granat.

191 681 283 716 Hab.
311 681 447 726 species
474 680 642 724 (praecip.
670 680 719 723 a.)
744 679 789 714 ad
814 680 933 714 littora
957 678 1066 713 totius
1093 677 1274 722 Europae,
1310 676 1346 710 in
1371 676 1465 711 omui
1488 687 1576 712 zona
1599 676 1808 713 mediterra-

143 738 230 774 nea,
255 728 293 762 in
318 728 423 764 salsis
447 727 614 772 Europae
638 727 784 762 central.
811 731 845 761 et
870 726 1006 767 orient..v
1033 725 1194 759 Sibiriae.

188 798 290 831 1040.
319 799 356 830 S.
374 797 604 837 splendens
626 794 755 830 GREN.
783 794 912 830 GODR.
930 794 985 828 Fl.
1006 793 1048 829 de
1074 793 1134 828 Fr.
1160 792 1227 837 III,
1248 794 1309 827 30!
1331 791 1596 837 (Chenopodina
1615 798 1650 828 et
1667 793 1807 829 Suaeda

93 843 248 888 setigera
281 843 417 884 MOQU.
453 843 506 881 T..
542 842 796 885 Chenopoclina
830 842 1009 876 maritima
1047 841 1156 876 COSS.
1194 851 1249 884 ap.
1276 840 1431 874 BOURG.
1459 840 1585 874 exsicc.
1614 852 1647 875 n.
1675 843 1802 887 2022!,

94 891 288 926 Schoberia
324 891 478 934 setigera
503 889 539 925 C.
565 890 608 924 A.
634 890 752 934 MEY„
791 889 1113 932 Cochliospermum
1152 887 1330 922 Clemente
1364 886 1464 921 LAG.
1491 886 1611 932 [1817]
1648 888 1701 922 Pl.
1726 889 1807 923 bar-

91 938 160 973 rill.
187 940 260 982 621,
287 937 549 983 Chenopodium
579 937 768 980 setigerum
788 936 860 971 DC.
878 935 1008 981 [1813],
1035 935 1173 970 Salsola
1191 933 1379 979 splendens
1405 934 1560 969 POURR.
1586 934 1664 969 Act.
1686 935 1804 971 Tolos.

92 984 241 1031 [1788]*›.
277 984 515 1029 Multicaulis,
550 985 555 1003 ¹
563 984 683 1029 s2-—2‘
709 984 794 1028 alta,
820 988 938 1018 erecta
961 995 992 1017 V.
1009 987 1204 1027 prostrata,
1230 981 1481 1026 ramosissima,
1506 981 1645 1025 foliosa,
1672 982 1806 1018 albido-

92 1033 235 1077 glauca,
263 1032 357 1067 foliis
386 1033 512 1067 5—9‘1‘
529 1031 552 1066 l.
576 1030 679 1066 valde
703 1030 938 1075 fasciculatis,
964 1029 1227 1064 semiteretibus
1244 1028 1455 1073 linearibus,
1481 1029 1517 1062 in
1532 1033 1643 1063 setam
1661 1030 1802 1064 mollem

91 1079 352 1122 desinentibus,
387 1079 488 1113 valde
514 1078 672 1115 carnosis
697 1083 732 1113 et
755 1083 901 1122 propter
925 1076 1077 1122 papillas
1103 1075 1257 1111 bullatas
1283 1076 1517 1111 creberrimas
1542 1075 1682 1121 nitidis;
1708 1075 1804 1111 fiori-

90 1128 156 1162 bus
182 1128 273 1161 2—3
308 1127 344 1161 in
384 1126 502 1161 axillis
539 1125 701 1160 foliorum
738 1125 896 1160 brevium
932 1123 1209 1160 subfalcatorum
1234 1122 1494 1168 glomerulatis,
1535 1123 1651 1167 spicas
1676 1123 1804 1160 densas

93 1175 218 1209 breves
257 1173 402 1209 foliosas
443 1173 697 1218 formantibus3
738 1171 920 1217 perigonio
957 1170 1138 1206 fructifero
1178 1169 1281 1204 valde
1322 1169 1445 1205 inflato
1481 1181 1629 1215 aquos0,
1672 1171 1804 1206 semine

89 1220 304 1256 laevissimo.

183 1267 225 1301 In
250 1266 408 1302 arenosis
434 1270 470 1300 et
493 1264 674 1310 paludosis
698 1264 887 1300 maritimis
914 1269 949 1299 et
974 1263 1207 1308 salsuginosis
1232 1263 1428 1307 Hispaniae
1454 1263 1641 1298 australis:
1666 1263 1710 1298 ad
1735 1263 1804 1300 litt.

137 1313 278 1350 Valent.
313 1318 349 1348 et
384 1313 499 1348 Mure.
532 1312 677 1357 (ma),
713 1311 861 1346 Granat.
896 1311 1002 1356 (Cabo
1034 1311 1077 1346 de
1103 1310 1214 1355 Gata,
1252 1310 1393 1354 WBB.),
1429 1310 1530 1345 Baet.
1556 1310 1663 1354 (circa
1689 1311 1803 1346 sinum

137 1361 255 1396 Gadit.
281 1366 386 1405 atque
411 1371 455 1395 en
478 1360 514 1394 la
530 1360 720 1404 Marisma,
747 1359 882 1405 CLEM.‚
907 1359 986 1394 Pto.
1010 1358 1053 1393 de
1072 1358 1145 1393 Sta.
1163 1357 1297 1403 Maria,
1323 1358 1525 1403 BOURG.!).
1543 1378 1588 1382 —
1606 1362 1655 1400 Θ.
1680 1357 1792 1393 «Iul.—

137 1409 234 1453 Sept.
261 1408 303 1453 (v.
331 1411 383 1445 s.).
413 1406 667 1450 »Sargadilla».

181 1455 274 1490 Hab.
301 1455 346 1490 ad
371 1454 439 1489 litt.
464 1453 646 1489 mediterr.
671 1451 832 1497 Galliae,
857 1452 894 1487 in
918 1452 1027 1488 Arab.
1052 1456 1209 1502 petraea.

136 1542 230 1572 sect.
257 1538 306 1570 11.
357 1536 601 1569 Eusuaeda
643 1533 772 1568 GREN.
816 1532 946 1569 GODR.
988 1531 1010 1567 1.
1052 1543 1080 1567 c.
1131 1531 1258 1566 Semen
1299 1530 1531 1567 horizontale.
1581 1531 1724 1568 Herbae
1766 1538 1802 1569 et

300 1581 456 1617 frutices.

184 1641 287 1675 1041.
315 1641 353 1674 S.
379 1640 590 1674 altissima
620 1639 743 1673 PALL.
769 1636 905 1672 Illustr.
930 1636 978 1682 pl.
1003 1649 1038 1682 p.
1052 1638 1108 1681 49,
1134 1641 1159 1672 t.
1173 1638 1229 1671 42.
1255 1636 1391 1676 MOQU.
1408 1636 1448 1671 T.
1463 1636 1486 1671 l.
1504 1648 1534 1672 c.
1554 1638 1638 1672 157!
1666 1638 1800 1673 Cheno-

87 1687 232 1733 podium
271 1686 434 1722 altissim.
459 1685 513 1730 L.,
551 1685 690 1721 Salsola
725 1685 901 1721 altissima
934 1684 987 1729 L„
1025 1684 1348 1729 Cochliospermum
1382 1683 1594 1719 altissimum
1619 1683 1720 1720 LAG.
1746 1686 1799 1721 Pl.

86 1735 225 1770 barrill.
261 1735 336 1777 57!,
378 1733 592 1777 Schanginia
629 1733 741 1768 altiss.
779 1732 815 1766 C.
841 1732 885 1766 A.
911 1731 1044 1776 MEY.).
1084 1731 1218 1766 Erecta
1257 1731 1510 1776 ramosissima,
1553 1732 1799 1777 3—4-pedalis

86 1783 226 1827 glabra,
263 1780 397 1825 pallide
421 1780 555 1825 virens,
592 1780 687 1815 foliis
723 1779 946 1815 filiformibus
984 1779 1135 1812 6—1511‘
1160 1778 1182 1813 l.
1221 1778 1492 1823 planoconvexis
1527 1779 1640 1815 acutis
1666 1780 1798 1823 glabris

87 1828 394 1874 glaucescentibus
430 1827 583 1872 patulis3
620 1826 767 1862 floribus
792 1826 902 1862 ternis
927 1826 963 1860 in
989 1826 1124 1869 axillis,
1150 1825 1389 1871 pedicellatis,
1426 1825 1636 1861 intermedio
1662 1827 1799 1870 longius

84 1876 316 1922 pedicellato,
354 1875 580 1918 stigmatibus
618 1877 656 1921 3,
696 1873 879 1919 perigonio
916 1873 1099 1912 fructifero
1134 1873 1345 1917 subgloboso
1381 1872 1441 1907 vix
1477 1871 1620 1919 inflato,
1665 1875 1798 1910 semine

84 1923 446 1971 punctulato-rugoso.
498 1921 641 1956 Semina
665 1931 772 1966 saepe
797 1920 990 1956 verticalia.

227 1970 253 2008 β
293 1968 583 2005 sessiliflora
623 1968 758 2009 MOQU.
800 1967 840 2002 T.
877 1968 899 2002 l.
937 1979 966 2002 c.
1005 1968 1087 2002 1581
1137 1967 1241 2002 Folia
1278 1966 1503 2011 angustiora,
1545 1967 1796 2003 obtusiuscula.

292 2016 419 2051 Flores
452 2015 675 2051 subsessiles.
724 2014 876 2060 (Salsola
909 2014 1085 2050 altissima
1116 2014 1213 2049 CAV.
1239 2014 1286 2049 Ic.
1314 2013 1380 2056 III,
1405 2019 1429 2049 t.
1456 2015 1554 2057 289!,
1595 2014 1627 2049 S.
1655 2015 1797 2060 trigyna

297 2063 366 2106 W.,
404 2062 727 2107 Cochliospermum
751 2061 974 2107 hispanicum
999 2061 1099 2095 LAG.
1124 2062 1147 2097 l.
1174 2073 1203 2096 c.
1231 2062 1302 2105 581,
1329 2061 1594 2105 Chenopodium
1618 2062 1797 2107 trigynum

293 2110 336 2144 R.
364 2110 466 2155 SCH.,
492 2110 632 2144 Kochia
656 2109 800 2154 trigyna.
824 2109 909 2153 LK,
935 2108 1128 2143 Schoberia
1153 2109 1296 2153 trigyna
1321 2108 1356 2143 C.
1382 2108 1425 2143 A.
1452 2108 1586 2152 MEY.).

179 2156 222 2190 In
259 2157 418 2192 arenosis
452 2157 641 2192 maritimis
677 2161 712 2191 et
737 2156 891 2191 humidis
917 2154 1146 2199 salsuginosis
1171 2155 1325 2199 regionis
1349 2154 1503 2190 inferior.
1529 2154 1630 2198 regni
1654 2154 1794 2190 Valent.

132 2204 173 2248 (c.
198 2203 380 2247 Alicante,
406 2203 538 2249 Elche,
564 2203 691 2248 LAG.),
717 2203 869 2238 Murcici
896 2202 1037 2246 (huerta
1062 2202 1104 2237 de
1129 2202 1286 2247 Murcia,
1311 2201 1442 2247 LAG.),
1469 2201 1614 2237 Granat.
1643 2201 1795 2246 (Roque-

131 2257 205 2292 tas.
240 2250 392 2294 CLEM.),
430 2251 531 2286 Baet.
571 2250 755 2294 (Sanlucar
785 2249 827 2284 de
852 2249 1087 2295 Barrameda,
1126 2249 1280 2293 CLEM.);
1307 2269 1352 2274 -—-
1378 2253 1415 2291 ῤ.
1439 2250 1476 2283 in
1511 2260 1619 2292 regno
1653 2249 1793 2285 Valent.

137 2297 331 2344 (Alicante,
358 2297 506 2333 Saladas
532 2297 574 2332 de
599 2297 791 2337 Albatera,
817 2297 925 2336 CAV..
951 2297 1083 2341 Elche,
1109 2296 1241 2339 ΒΑΘ),
1280 2295 1424 2331 Granat.
1451 2296 1662 2340 (Roquetas‚
1699 2296 1794 2331 Cabo

133 2345 175 2380 de
218 2343 327 2389 Gata,
371 2345 521 2387 CLEM.).
563 2364 608 2369 —
649 2347 698 2387 Θ.
739 2343 957 2389 Jul.-Sept.
1001 2344 1047 2387 (n.
1078 2348 1134 2384 v.).
1195 2343 1335 2389 »Mata,
1377 2343 1548 2378 Matina«
1590 2343 1689 2378 Baet.
1731 2343 1794 2389 (a),

177 2391 430 2428 »Canametes«
451 2392 593 2427 Valent.
621 2391 684 2435 (a),
713 2391 822 2427 »Sosa
839 2402 970 2434 negra«
991 2391 1132 2426 Valent.
1152 2393 1218 2432 (B).

177 2438 268 2474 Hab.
295 2450 389 2485 spec.
417 2439 525 2474 etiam
548 2439 585 2473 in
610 2438 702 2483 Ital,
726 2438 856 2482 Hung,
881 2438 983 2475 Ross.
1009 2438 1143 2483 merid,
1169 2438 1284 2482 Cauc.,
1309 2437 1484 2482 Aegypto.

179 2498 279 2532 1042.
306 2499 344 2532 S.
369 2499 576 2532 fruticosa
616 2496 770 2532 FORSK.
813 2496 867 2532 Fl.
906 2496 994 2540 Aeg.
1036 2497 1146 2531 Arab.
1187 2509 1220 2541 p.
1248 2497 1292 2529 70
1334 2494 1612 2540 (chenopodium
1648 2494 1792 2530 frutico-

83 2555 160 2579 sum
184 2544 237 2588 L.,
264 2543 403 2579 Salsola
427 2545 597 2580 fruticosa
620 2544 673 2589 L.,
700 2544 1023 2588 Cochliospermum
1047 2543 1204 2578 frutices.
1220 2543 1320 2577 LAG.
1346 2543 1400 2577 Pl.
1419 2542 1556 2577 barrill.
1584 2543 1658 2587 591,
1685 2541 1791 2577 Scho-

82 2591 182 2625 beria
205 2591 376 2626 fruticosa
401 2591 437 2626 C.
463 2591 507 2627 A.
533 2592 664 2635 MEY.).
695 2591 830 2625 Frutex
856 2592 1114 2636 sempervirens
1138 2590 1414 2627 ramosissimus.
1440 2595 1595 2634 erectus,
1624 2591 1791 2634 2—4-pe-

81 2637 190 2683 dalis,
229 2638 362 2683 glaber,
395 2643 518 2674 trunco
543 2639 720 2683 ramisque
745 2637 891 2681 albidis,
923 2638 1063 2682 nitidis,
1089 2637 1235 2672 ramulis
1259 2636 1481 2672 filiformibus
1507 2637 1613 2671 dense
1637 2636 1789 2681 foliatis;

81 2685 175 2720 foliis
202 2686 366 2719 3—5¹“l.
394 2685 653 2720 semiteretibus
671 2697 702 2720 ν.
723 2685 991 2730 subcylindricis
1016 2685 1150 2720 obtusis
1175 2696 1204 2718 v.
1230 2684 1497 2719 mucronulatis.
1523 2684 1601 2719 basi
1626 2689 1790 2726 angusta-

82 2732 140 2775 tis,
172 2732 330 2768 carnosis
355 2732 490 2775 glaucis
515 2732 766 2767 (exsiccatione
791 2733 997 2778 plerumque
1020 2731 1305 2776 nigricantibus),
1330 2730 1513 2766 floralibus
1538 2730 1790 2775 conformibus3

80 2778 226 2814 floribus
251 2779 430 2823 solitariis,
456 2779 548 2814 binis
573 2780 725 2814 ternisve
750 2780 788 2814 in
814 2779 932 2816 axillis
958 2779 1120 2814 foliorum
1146 2778 1377 2823 superiorum,
1415 2778 1495 2813 laxe
1522 2778 1692 2822 longeque
1717 2777 1788 2823 spi-

81 2827 189 2871 catis,
215 2826 395 2871 perigenio
419 2826 600 2861 fructifero
625 2825 767 2873 inflato,
794 2826 1018 2870 stigmatibus
1045 2828 1076 2870 3,
1104 2826 1236 2860 semine
1262 2825 1353 2860 laevi
1378 2825 1600 2860 nitidissimo.

221 2875 259 2916 β.
292 2872 538 2908 brevifolia
572 2873 707 2913 MOQU.
733 2873 755 2907 l.
782 2876 827 2909 c.!
865 2873 970 2907 Folia
1005 2872 1195 2917 praecipue
1219 2871 1357 2907 floralia
1383 2872 1605 2916 abbreviata,
1643 2869 1788 2905 ovoidea

290 2932 320 2954 v.
350 2920 579 2965 subglobosa,
605 2920 799 2955 imbricata.
849 2920 973 2964 Spicae
998 2920 1123 2955 breves
1149 2919 1279 2955 densae
1303 2918 1494 2954 flexuosae.

173 2965 216 3000 In
256 2967 414 3002 arenosis
453 2967 641 3002 maritimis
681 2967 901 3002 subhumidis
942 2966 1096 3010 locisque
1133 2966 1362 3010 salsuginosis
1396 2966 1431 3000 in
1464 2964 1606 3007 regione
1640 2963 1788 2998 littorali

127 3011 322 3058 Hispaniae
348 3014 471 3049 orient.
498 3019 534 3049 et
557 3013 704 3050 austral.
731 3013 812 3059 (›>en
835 3014 890 3050 las
915 3014 1096 3053 cercanias
1121 3013 1179 3052 del
1201 3013 1460 3051 mediterraneo
1486 3011 1592 3047 desde
1608 3010 1787 3046 Catalufia
