1960 3237
975 81 1069 125 308

273 205 331 241 Ad
354 216 387 250 n,
414 206 513 240 1008.
561 207 698 246 Pagus
725 204 919 237 silvatica
942 201 983 236 L.
1009 200 1051 236 In
1075 201 1216 245 regione
1242 204 1407 236 montana
1425 210 1532 245 supra
1549 199 1743 235 Encinillas
1762 199 1870 244 (prov.

181 252 331 298 Burgus)
358 252 465 288 silvas
489 251 664 297 formans,
689 250 787 285 LGE.

273 322 331 358 Ad
354 333 387 357 n.
414 323 515 357 1033.
551 323 711 356 Salsola
731 315 1065 352 vermiculata‘L.
1085 319 1121 359 β.
1146 317 1308 352 villosa
1329 317 1464 356 MOQU.
1490 316 1535 351 ad
1558 315 1749 362 Aranjuez,
1773 314 1871 350 LGE.

326 381 362 415 γ.
388 367 690 413 microphylla
714 365 849 405 MOQU.
874 365 931 399 Pr.
956 364 1033 399 urb.
1057 364 1209 409 Murcia,
1232 364 1330 399 LGE.

247 437 342 520 LAd.
366 448 400 473 n.
426 439 527 474 1036.
577 440 614 472 S.
640 437 862 477 longifolia
897 435 1050 470 FORSK.
1099 434 1216 480 Prope
1240 434 1402 480 Malaga,
1439 433 1506 471 Hs,
1538 434 1574 469 in
1597 433 1656 469 hb.
1681 432 1872 468 AGARDH.

181 495 225 520 ex
283 491 347 520 GE.

273 543 331 579 Ad
354 554 388 579 n.
415 543 517 577 1037.
566 543 604 576 S.
628 542 728 576 Kali
753 539 794 574 L.

328 590 360 626 ὁ.
385 587 630 625 tenuifolia
654 587 789 626 MOQU.
826 586 869 621 T.
907 586 1117 631 Suberecta,
1154 596 1284 631 aspera
1320 590 1383 621 aut
1420 585 1562 629 glabra,
1604 585 1741 628 viridis,
1781 585 1875 623 foliis

386 636 500 679 longis
524 635 688 670 tenuibus
715 633 1022 679 subfiliformibus,
1047 633 1115 668 alis
1138 633 1304 669 brevibus
1327 632 1460 678 pallide
1484 631 1606 668 roseis.

273 683 331 718 Ad
355 683 468 718 Torre
494 681 613 717 Gorda
637 693 690 727 pr.
716 680 854 726 Gades,
879 680 977 716 LGE.

273 752 330 788 Ad
353 763 386 787 n.
413 752 514 786 1039.
560 752 727 785 Suaeda
750 752 963 785 maritima
988 750 1177 785 DUMORT.
1205 761 1239 784 α.
1263 748 1462 792 vulgaris
1488 748 1623 788 MOQU.
1649 749 1690 785 T.

272 799 329 834 Ad
363 799 484 834 littora
518 797 650 832 Oceani
684 808 748 843 per
772 797 1000 832 Cantabriam
1036 797 1077 841 (c.
1101 796 1347 841 Portugalete,
1386 795 1597 838 Santander>
1622 802 1658 832 et
1682 794 1876 831 Galleciam

183 846 230 887 (el
254 847 389 891 Burgo,
415 844 663 890 Pontevedra),
688 849 793 887 atque
819 844 855 878 in
880 845 1002 879 salinis
1027 855 1081 888 pr.
1106 843 1281 878 Murciam
1306 842 1446 887 urbem,
1471 841 1569 876 LGE.

325 894 363 936 β.
390 893 569 937 spicata
594 890 683 926 WK.
732 891 775 925 In
813 891 960 936 planitie
995 890 1164 935 argillosa
1202 890 1365 926 subsalsa
1400 889 1493 925 inter
1528 889 1643 925 Lorca
1673 894 1709 924 et
1740 888 1877 924 Totana

390 938 491 983 regni
515 938 684 984 Murcici,
708 938 807 973 LGE.

275 1011 365 1043 1042
391 1010 454 1043 bis.
502 1009 544 1043 S.
574 1011 777 1051 pruinosa
816 1006 914 1042 LGE.
955 1007 1043 1051 Pug.
1081 1006 1129 1051 II,
1166 1019 1199 1052 p.
1238 1007 1283 1041 95
1331 1006 1379 1046 (S.
1415 1005 1586 1041 fruticosa
1627 1005 1659 1040 ὁ.
1699 1004 1878 1040 brevifolia

179 1056 302 1091 Prodr.
333 1055 368 1091 fl.
404 1055 504 1100 Hisp.
530 1055 553 1089 l.
579 1066 607 1090 c.
639 1060 675 1090 et
698 1054 795 1089 LGE.
828 1054 955 1089 exsicc.
987 1065 1020 1089 n.
1047 1055 1146 1095 1642)
1186 1054 1312 1088 »ramis
1348 1052 1740 1095 tortuoso-divaricatis,
1778 1053 1877 1097 apice

178 1104 271 1138 inter
294 1102 399 1138 flores
422 1102 712 1148 pubescentibus,
752 1101 843 1137 foliis
869 1101 1146 1145 ovato-globosis
1170 1100 1406 1146 brevissimis,
1444 1100 1651 1135 densissime
1676 1100 1878 1144 imbricatis,

180 1148 550 1196 pruinoso-papillosis
582 1149 735 1193 indeque
768 1149 1070 1192 glaucescentibus
1095 1158 1116 1182 a
1142 1148 1174 1182 S.
1198 1147 1425 1183 fruticosa
1449 1147 1602 1183 FORSK.
1626 1147 1764 1182 abunde
1785 1147 1880 1181 vide-

179 1203 237 1233 tur
273 1197 457 1242 distincta,
497 1206 606 1240 quare
644 1195 689 1230 ad
724 1196 866 1230 interim
901 1195 1041 1230 nomine
1078 1206 1165 1230 novo
1197 1195 1417 1238 designatam
1447 1194 1610 1229 ulteriori
1641 1194 1879 1230 observationi

183 1243 396 1280 commendo.
445 1242 503 1278 An
537 1243 608 1278 huc
642 1242 798 1288 pertinet
829 1242 862 1277 S.
888 1242 1113 1277 fruticosa
1144 1241 1176 1277 ὁ.
1201 1241 1447 1277 brevifolia
1476 1241 1611 1282 MOQU.
1637 1252 1680 1277 ex
1703 1241 1877 1288 Aegypto,

179 1292 329 1328 nescim«
356 1290 455 1325 LGE.
479 1290 502 1324 1.
528 1299 558 1324 c.

276 1361 335 1396 Ad
354 1370 390 1395 n.
416 1360 518 1394 1045.
567 1359 802 1393 Salieornia
826 1360 1030 1393 herbacea
1053 1357 1095 1392 L.

274 1407 332 1443 Ad
371 1407 491 1442 littora
532 1405 664 1440 Oceani
702 1415 767 1449 per
805 1405 1032 1442 Cantabriam
1055 1404 1316 1449 <Portugalete,
1357 1404 1569 1447 Santander)
1609 1410 1644 1442 et
1683 1404 1879 1441 Galleciam

182 1453 338 1501 Corufia,
362 1452 601 1498 Pontevedra,
626 1451 737 1495 LGE.,
761 1452 798 1485 in
823 1452 943 1487 salinis
968 1463 1024 1497 pr..
1045 1452 1200 1496 Murcia,
1226 1451 1324 1486 LGE.

275 1511 332 1548 Ad
355 1523 388 1546 n.
415 1511 516 1546 1046.
543 1511 582 1544 S.
608 1511 814 1544 fruticosa
838 1508 879 1544 L.

330 1559 362 1594 ὁ.
386 1557 603 1593 radicans
628 1556 676 1597 (S.
694 1556 857 1592 radicans
883 1556 975 1597 SM.).
1008 1555 1164 1592 Obscure
1187 1555 1419 1601 viridescens,
1446 1555 1604 1592 caulibus
1628 1556 1878 1603 radicantibus,

391 1605 496 1650 spicis
521 1603 770 1639 conformibus.
798 1624 840 1629 —
865 1603 922 1638 Ad
946 1603 1067 1638 littora
1091 1602 1221 1638 Oceani
1246 1614 1299 1648 pr.
1326 1602 1439 1638 Cobas
1464 1602 1660 1650 Galleciae,
1687 1603 1784 1640 LGE.

278 1674 336 1710 Ad
359 1686 392 1710 n.
420 1675 520 1709 1049.
569 1676 908 1709 Arthroenemon
938 1676 1302 1715 maerostachyum
1326 1673 1475 1709 MORIO.
1523 1673 1565 1708 In
1588 1684 1695 1718 regno
1720 1673 1879 1709 Murcico

183 1724 274 1758 inter
290 1721 405 1757 Lorca
419 1726 455 1757 et
469 1721 618 1766 Totana,
644 1720 689 1755 ad
703 1720 797 1756 Cabo
812 1720 853 1755 de
867 1720 969 1767 Grata,
993 1720 1091 1756 LGE.
1127 1720 1176 1756 Cf.
1190 1721 1232 1756 cl.
1245 1720 1408 1756 LANGEI
1424 1721 1597 1757 observat.
1611 1720 1647 1755 in
1661 1721 1748 1765 Pug.
1760 1720 1809 1767 II,
1823 1722 1878 1756 94.

275 1780 333 1815 Ad
356 1791 389 1815 n.
418 1780 519 1814 1050.
569 1779 732 1813 Kochia
758 1782 951 1822 scoparia
975 1779 1123 1815 SOHRD.
1170 1779 1212 1814 In
1237 1779 1413 1814 suburbiis
1437 1778 1601 1826 Madriti,
1626 1778 1725 1815 LGE.

278 1839 380 1873 1052.
406 1840 469 1873 bis.
517 1837 846 1880 ?Eehinopsilon
869 1840 1171 1880 hyssopifolius
1196 1837 1333 1877 MOQU.
1359 1836 1400 1871 T.
1424 1838 1459 1872 in
1484 1837 1553 1873 Dc.
1577 1837 1704 1874 Prodr.
1719 1837 1820 1883 XIII,
1847 1839 1878 1873 2.

186 1885 335 1930 (Salsola
368 1883 599 1930 hyssopifolia
632 1884 781 1926 PALL.).
828 1884 994 1930 Annuus,
1031 1885 1131 1920 caule
1166 1896 1305 1920 ramoso
1330 1885 1559 1929 pubescente3
1595 1884 1689 1920 foliis
1715 1885 1879 1928 oblongo-

186 1933 396 1977 linearibus,
434 1932 564 1977 acutis,
588 1931 770 1977 tenuibus,
794 1931 1026 1977 lanuginosis,
1052 1932 1201 1966 incano-
1227 1932 1389 1976 cinereis3
1426 1930 1572 1966 floribus
1598 1931 1878 1975 2—3-glomeru-

186 1980 287 2025 latis,
313 1978 420 2013 dense
444 1977 731 2023 villoso—lanatis,
758 1978 903 2023 spinulis
928 1978 1022 2014 disco
1049 1978 1179 2023 calycis
1203 1978 1436 2023 longitudine,
1464 1978 1635 2014 subulatis
1662 1979 1878 2014 subhamatis

183 2025 399 2071 aequalibus.
418 2045 462 2050 —
481 2024 539 2059 Ad
562 2025 655 2059 hanc
680 2025 833 2070 speciem
857 2026 1035 2070 pertinere
1060 2026 1198 2060 videtur
1214 2025 1371 2060 ramulus
1396 2025 1431 2059 in
1455 2025 1554 2060 herb.
1573 2025 1784 2063 AGARDHII
1800 2037 1879 2060 con-

184 2078 359 2118 servatus,
384 2071 465 2107 olim
490 2082 512 2105 a
536 2071 734 2106 CABRERA
758 2071 833 2107 sine
857 2072 924 2107 loci
950 2072 1114 2117 specialis
1138 2072 1367 2118 indicatione,
1394 2072 1455 2107 sed
1471 2073 1719 2108 verosimiliter
1738 2072 1775 2107 in
1791 2072 1879 2107 Bae-

186 2122 256 2156 tica
291 2121 415 2165 lectus,
452 2128 555 2163 quem
591 2118 633 2153 ol.
658 2118 805 2154 LANGE
829 2119 925 2155 vidit.
974 2119 1024 2154 Cf.
1050 2120 1126 2164 ejus
1150 2119 1236 2163 Pug.
1263 2119 1309 2164 II,
1335 2132 1368 2164 p.
1395 2121 1450 2154 94.
1499 2119 1541 2153 In
1566 2119 1688 2155 eodem
1712 2119 1878 2155 herbario

185 2166 377 2203 frustulum
403 2176 539 2210 quoque
566 2165 840 2211 Corispermi
865 2166 1048 2210 cujusdam
1072 2177 1093 2201 a
1118 2166 1317 2201 CABRERA
1341 2166 1487 2202 missum
1511 2171 1751 2212 conservatur,
1788 2166 1880 2211 quod

190 2225 258 2250 sec.
295 2214 337 2248 cl.
374 2212 521 2247 LANGE
561 2211 713 2248 fortasse
753 2212 797 2248 ad
834 2212 869 2248 C.
894 2213 1182 2249 Marschallii
1215 2213 1332 2248 STEV.
1364 2214 1419 2248 vel
1448 2213 1493 2248 ad
1518 2214 1554 2249 C.
1579 2214 1878 2257 marginatum

187 2261 282 2296 CAV.
307 2259 532 2295 referendum
556 2263 620 2295 est.

280 2318 337 2353 Ad
361 2329 393 2353 n.
421 2319 522 2353 1053.
572 2319 900 2360 camphorosma
923 2321 1213 2360 Monspeliaea
1236 2319 1277 2354 L.
1327 2318 1370 2352 In
1394 2317 1550 2353 Castella
1572 2323 1638 2353 vet.
1663 2318 1699 2352 in
1723 2319 1879 2355 arenosis

187 2366 358 2402 subsalsis
383 2365 427 2400 ad
452 2377 531 2410 opp.
558 2364 720 2411 Olmedo,
745 2365 843 2400 LGE.
1519 2373 1522 2376 ’

280 2423 337 2458 Ad
360 2434 392 2458 n.
421 2424 523 2458 1058.
572 2425 735 2458 Obione
761 2425 1073 2465 portulaeoides
1104 2424 1237 2463 MOQU.
1265 2424 1305 2459 T.
1353 2422 1411 2457 Ad
1433 2422 1561 2467 ,littora
1593 2422 1723 2458 Oceani
1747 2427 1820 2458 tam
1843 2425 1879 2459 in

193 2470 383 2506 Cantabria
416 2470 674 2517 (Portugalete,
711 2470 933 2516 Santander),
971 2482 1074 2514 quam
1098 2471 1134 2505 in
1159 2471 1318 2507 Gallecia
1341 2470 1487 2515 (Cobas,
1524 2471 1556 2505 el
1580 2469 1713 2516 Burgo,
1753 2471 1880 2506 Ponte-

187 2517 310 2563 vedra,
335 2517 454 2561 Vigo);
480 2517 517 2551 in
541 2518 661 2553 salinis
686 2529 738 2562 pr.
763 2517 938 2553 Murciam
963 2518 1102 2563 urbem,
1129 2518 1226 2553 LGE.

281 2575 339 2610 Ad
363 2585 395 2608 n.
423 2575 523 2610 1059.
571 2577 769 2618 Atriplex
802 2578 951 2617 glauca
985 2575 1027 2611 L.
1077 2576 1118 2611 In
1142 2577 1236 2620 agris
1261 2580 1296 2612 et
1321 2576 1465 2611 cactetis
1489 2587 1542 2623 pr.
1567 2576 1743 2622 Almeria,
1780 2576 1878 2612 LGE.

280 2632 338 2667 Ad
362 2643 394 2666 n.
420 2633 520 2667 1061.
568 2636 616 2668 A.
641 2644 763 2670 rosea
787 2634 828 2669 L.
855 2635 1079 2681 Synonymon
1102 2634 1145 2669 A.
1171 2634 1382 2670 verticillata
1405 2633 1504 2668 LAG.
1531 2633 1716 2670 delendum
1741 2639 1776 2670 et
1799 2640 1879 2679 post

191 2679 372 2725 diagnosin
395 2678 580 2722 legendum
604 2685 672 2716 est:

336 2725 375 2767 β.
399 2725 502 2760 alba
525 2726 660 2767 MOQU.
692 2728 732 2763 T.
776 2727 833 2769 (A.
858 2727 1071 2763 verticillata
1102 2727 1228 2769 LAG.).
1277 2726 1369 2763 Tota
1408 2728 1452 2762 ob
1491 2726 1732 2763 indumentum
1773 2727 1878 2763 dense

399 2771 763 2817 lepidoto-farinosum
795 2775 1076 2820 argenteo-alba,
1114 2774 1315 2815 glomerulis
1338 2774 1492 2820 magnis,
1530 2773 1731 2810 multifloris
1761 2775 1878 2817 longe-

397 2829 463 2862 que
488 2820 655 2866 nemotis,
680 2822 833 2857 bracteis
859 2821 965 2857 dense
989 2827 1025 2857 et
1048 2833 1169 2866 grosse
1192 2821 1618 2857 tuberculato-muricatis.
1645 2841 1688 2846 —-
1714 2821 1754 2856 In
1777 2821 1878 2856 rude-

397 2865 485 2900 ratis
510 2877 563 2911 pr.
588 2866 800 2913 Madritum,
835 2868 945 2914 LGE.,
975 2880 1003 2904 c.
1030 2869 1192 2913 Segovia,
1219 2867 1320 2911 WK.,
1343 2868 1501 2914 Murcia,
1527 2867 1671 2912 GUIR.!‚
1706 2868 1876 2913 Cardona,

398 2912 540 2948 CSTA.!.
566 2933 609 2938 —
634 2914 676 2949 A.
701 2925 838 2950 roseam
863 2916 1047 2959 genuinam
1070 2915 1155 2959 legit
1179 2914 1221 2949 cl.
1239 2915 1336 2949 LGE.
1354 2916 1390 2949 in
1404 2915 1582 2950 ruderatis
1599 2915 1643 2949 ad
1660 2914 1877 2949 Villafranca

399 2958 630 3039 dengierzo,
667 2961 867 2998 Valladolid
903 2968 939 2999 et
969 2963 1119 3007 Burg0s‚
1156 2962 1348 2998 SOHOUSB.
1381 2962 1425 2998 ad
1450 2962 1667 2998 Monasterio
1691 2962 1726 2996 in
1750 2961 1878 2997 Extre-

397 3016 430 3039 m
481 3017 553 3042 ura.
